%YAML 1.1
%TAG !u! tag:unity3d.com,2011:
--- !u!29 &1
OcclusionCullingSettings:
  m_ObjectHideFlags: 0
  serializedVersion: 2
  m_OcclusionBakeSettings:
    smallestOccluder: 5
    smallestHole: 0.25
    backfaceThreshold: 100
  m_SceneGUID: 00000000000000000000000000000000
  m_OcclusionCullingData: {fileID: 0}
--- !u!104 &2
RenderSettings:
  m_ObjectHideFlags: 0
  serializedVersion: 9
  m_Fog: 0
  m_FogColor: {r: 0.5, g: 0.5, b: 0.5, a: 1}
  m_FogMode: 3
  m_FogDensity: 0.01
  m_LinearFogStart: 0
  m_LinearFogEnd: 300
  m_AmbientSkyColor: {r: 0.212, g: 0.227, b: 0.259, a: 1}
  m_AmbientEquatorColor: {r: 0.114, g: 0.125, b: 0.133, a: 1}
  m_AmbientGroundColor: {r: 0.047, g: 0.043, b: 0.035, a: 1}
  m_AmbientIntensity: 1
  m_AmbientMode: 0
  m_SubtractiveShadowColor: {r: 0.42, g: 0.478, b: 0.627, a: 1}
  m_SkyboxMaterial: {fileID: 10304, guid: 0000000000000000f000000000000000, type: 0}
  m_HaloStrength: 0.5
  m_FlareStrength: 1
  m_FlareFadeSpeed: 3
  m_HaloTexture: {fileID: 0}
  m_SpotCookie: {fileID: 10001, guid: 0000000000000000e000000000000000, type: 0}
  m_DefaultReflectionMode: 0
  m_DefaultReflectionResolution: 128
  m_ReflectionBounces: 1
  m_ReflectionIntensity: 1
  m_CustomReflection: {fileID: 0}
  m_Sun: {fileID: 0}
  m_IndirectSpecularColor: {r: 0, g: 0, b: 0, a: 1}
  m_UseRadianceAmbientProbe: 0
--- !u!157 &3
LightmapSettings:
  m_ObjectHideFlags: 0
  serializedVersion: 11
  m_GIWorkflowMode: 1
  m_GISettings:
    serializedVersion: 2
    m_BounceScale: 1
    m_IndirectOutputScale: 1
    m_AlbedoBoost: 1
    m_EnvironmentLightingMode: 0
    m_EnableBakedLightmaps: 1
    m_EnableRealtimeLightmaps: 0
  m_LightmapEditorSettings:
    serializedVersion: 12
    m_Resolution: 2
    m_BakeResolution: 40
    m_AtlasSize: 1024
    m_AO: 0
    m_AOMaxDistance: 1
    m_CompAOExponent: 1
    m_CompAOExponentDirect: 0
    m_ExtractAmbientOcclusion: 0
    m_Padding: 2
    m_LightmapParameters: {fileID: 0}
    m_LightmapsBakeMode: 1
    m_TextureCompression: 1
    m_FinalGather: 0
    m_FinalGatherFiltering: 1
    m_FinalGatherRayCount: 256
    m_ReflectionCompression: 2
    m_MixedBakeMode: 2
    m_BakeBackend: 1
    m_PVRSampling: 1
    m_PVRDirectSampleCount: 32
    m_PVRSampleCount: 512
    m_PVRBounces: 2
    m_PVREnvironmentSampleCount: 256
    m_PVREnvironmentReferencePointCount: 2048
    m_PVRFilteringMode: 1
    m_PVRDenoiserTypeDirect: 1
    m_PVRDenoiserTypeIndirect: 1
    m_PVRDenoiserTypeAO: 1
    m_PVRFilterTypeDirect: 0
    m_PVRFilterTypeIndirect: 0
    m_PVRFilterTypeAO: 0
    m_PVREnvironmentMIS: 1
    m_PVRCulling: 1
    m_PVRFilteringGaussRadiusDirect: 1
    m_PVRFilteringGaussRadiusIndirect: 5
    m_PVRFilteringGaussRadiusAO: 2
    m_PVRFilteringAtrousPositionSigmaDirect: 0.5
    m_PVRFilteringAtrousPositionSigmaIndirect: 2
    m_PVRFilteringAtrousPositionSigmaAO: 1
    m_ExportTrainingData: 0
    m_TrainingDataDestination: TrainingData
    m_LightProbeSampleCountMultiplier: 4
  m_LightingDataAsset: {fileID: 0}
  m_UseShadowmask: 1
--- !u!196 &4
NavMeshSettings:
  serializedVersion: 2
  m_ObjectHideFlags: 0
  m_BuildSettings:
    serializedVersion: 2
    agentTypeID: 0
    agentRadius: 0.5
    agentHeight: 2
    agentSlope: 45
    agentClimb: 0.4
    ledgeDropHeight: 0
    maxJumpAcrossDistance: 0
    minRegionArea: 2
    manualCellSize: 0
    cellSize: 0.16666667
    manualTileSize: 0
    tileSize: 256
    accuratePlacement: 0
    debug:
      m_Flags: 0
  m_NavMeshData: {fileID: 0}
--- !u!1001 &299486979
PrefabInstance:
  m_ObjectHideFlags: 0
  serializedVersion: 2
  m_Modification:
    m_TransformParent: {fileID: 0}
    m_Modifications:
    - target: {fileID: -4554010142084838754, guid: 8a497abd2e08a234d8a383f1c8353e9a,
        type: 3}
      propertyPath: m_Materials.Array.data[0]
      value: 
      objectReference: {fileID: 2100000, guid: 2033a11ce187b8742b14c6e62c8d3729, type: 2}
    - target: {fileID: -4216859302048453862, guid: 8a497abd2e08a234d8a383f1c8353e9a,
        type: 3}
      propertyPath: m_LocalPosition.x
      value: -1.328
      objectReference: {fileID: 0}
    - target: {fileID: -4216859302048453862, guid: 8a497abd2e08a234d8a383f1c8353e9a,
        type: 3}
      propertyPath: m_LocalPosition.y
      value: 0
      objectReference: {fileID: 0}
    - target: {fileID: -4216859302048453862, guid: 8a497abd2e08a234d8a383f1c8353e9a,
        type: 3}
      propertyPath: m_LocalPosition.z
      value: 0.0000005173683
      objectReference: {fileID: 0}
    - target: {fileID: -4216859302048453862, guid: 8a497abd2e08a234d8a383f1c8353e9a,
        type: 3}
      propertyPath: m_LocalRotation.x
      value: 0
      objectReference: {fileID: 0}
    - target: {fileID: -4216859302048453862, guid: 8a497abd2e08a234d8a383f1c8353e9a,
        type: 3}
      propertyPath: m_LocalRotation.y
      value: -0
      objectReference: {fileID: 0}
    - target: {fileID: -4216859302048453862, guid: 8a497abd2e08a234d8a383f1c8353e9a,
        type: 3}
      propertyPath: m_LocalRotation.z
      value: -0
      objectReference: {fileID: 0}
    - target: {fileID: -4216859302048453862, guid: 8a497abd2e08a234d8a383f1c8353e9a,
        type: 3}
      propertyPath: m_LocalRotation.w
      value: 1
      objectReference: {fileID: 0}
    - target: {fileID: -4216859302048453862, guid: 8a497abd2e08a234d8a383f1c8353e9a,
        type: 3}
      propertyPath: m_RootOrder
      value: 23
      objectReference: {fileID: 0}
    - target: {fileID: -4216859302048453862, guid: 8a497abd2e08a234d8a383f1c8353e9a,
        type: 3}
      propertyPath: m_LocalEulerAnglesHint.x
      value: 0
      objectReference: {fileID: 0}
    - target: {fileID: -4216859302048453862, guid: 8a497abd2e08a234d8a383f1c8353e9a,
        type: 3}
      propertyPath: m_LocalEulerAnglesHint.y
      value: 0
      objectReference: {fileID: 0}
    - target: {fileID: -4216859302048453862, guid: 8a497abd2e08a234d8a383f1c8353e9a,
        type: 3}
      propertyPath: m_LocalEulerAnglesHint.z
      value: 0
      objectReference: {fileID: 0}
    - target: {fileID: -1504981713932161579, guid: 8a497abd2e08a234d8a383f1c8353e9a,
        type: 3}
      propertyPath: m_Materials.Array.data[0]
      value: 
      objectReference: {fileID: 2100000, guid: 2033a11ce187b8742b14c6e62c8d3729, type: 2}
    - target: {fileID: -927199367670048503, guid: 8a497abd2e08a234d8a383f1c8353e9a,
        type: 3}
      propertyPath: m_Name
      value: Levier_published
      objectReference: {fileID: 0}
    m_RemovedComponents: []
  m_SourcePrefab: {fileID: 100100000, guid: 8a497abd2e08a234d8a383f1c8353e9a, type: 3}
--- !u!1001 &328927230
PrefabInstance:
  m_ObjectHideFlags: 0
  serializedVersion: 2
  m_Modification:
    m_TransformParent: {fileID: 0}
    m_Modifications:
    - target: {fileID: -4554010142084838754, guid: 8a497abd2e08a234d8a383f1c8353e9a,
        type: 3}
      propertyPath: m_Materials.Array.data[0]
      value: 
      objectReference: {fileID: 2100000, guid: 538c0bdce141c284890aac72ab70cc6c, type: 2}
    - target: {fileID: -4216859302048453862, guid: 8a497abd2e08a234d8a383f1c8353e9a,
        type: 3}
      propertyPath: m_LocalPosition.x
      value: -1.328
      objectReference: {fileID: 0}
    - target: {fileID: -4216859302048453862, guid: 8a497abd2e08a234d8a383f1c8353e9a,
        type: 3}
      propertyPath: m_LocalPosition.y
      value: 0
      objectReference: {fileID: 0}
    - target: {fileID: -4216859302048453862, guid: 8a497abd2e08a234d8a383f1c8353e9a,
        type: 3}
      propertyPath: m_LocalPosition.z
      value: 1.3710006
      objectReference: {fileID: 0}
    - target: {fileID: -4216859302048453862, guid: 8a497abd2e08a234d8a383f1c8353e9a,
        type: 3}
      propertyPath: m_LocalRotation.x
      value: 0
      objectReference: {fileID: 0}
    - target: {fileID: -4216859302048453862, guid: 8a497abd2e08a234d8a383f1c8353e9a,
        type: 3}
      propertyPath: m_LocalRotation.y
      value: -0
      objectReference: {fileID: 0}
    - target: {fileID: -4216859302048453862, guid: 8a497abd2e08a234d8a383f1c8353e9a,
        type: 3}
      propertyPath: m_LocalRotation.z
      value: -0
      objectReference: {fileID: 0}
    - target: {fileID: -4216859302048453862, guid: 8a497abd2e08a234d8a383f1c8353e9a,
        type: 3}
      propertyPath: m_LocalRotation.w
      value: 1
      objectReference: {fileID: 0}
    - target: {fileID: -4216859302048453862, guid: 8a497abd2e08a234d8a383f1c8353e9a,
        type: 3}
      propertyPath: m_RootOrder
      value: 5
      objectReference: {fileID: 0}
    - target: {fileID: -4216859302048453862, guid: 8a497abd2e08a234d8a383f1c8353e9a,
        type: 3}
      propertyPath: m_LocalEulerAnglesHint.x
      value: 0
      objectReference: {fileID: 0}
    - target: {fileID: -4216859302048453862, guid: 8a497abd2e08a234d8a383f1c8353e9a,
        type: 3}
      propertyPath: m_LocalEulerAnglesHint.y
      value: 0
      objectReference: {fileID: 0}
    - target: {fileID: -4216859302048453862, guid: 8a497abd2e08a234d8a383f1c8353e9a,
        type: 3}
      propertyPath: m_LocalEulerAnglesHint.z
      value: 0
      objectReference: {fileID: 0}
    - target: {fileID: -1504981713932161579, guid: 8a497abd2e08a234d8a383f1c8353e9a,
        type: 3}
      propertyPath: m_Materials.Array.data[0]
      value: 
      objectReference: {fileID: 2100000, guid: 538c0bdce141c284890aac72ab70cc6c, type: 2}
    - target: {fileID: -927199367670048503, guid: 8a497abd2e08a234d8a383f1c8353e9a,
        type: 3}
      propertyPath: m_Name
      value: Levier_published (3)
      objectReference: {fileID: 0}
    m_RemovedComponents: []
  m_SourcePrefab: {fileID: 100100000, guid: 8a497abd2e08a234d8a383f1c8353e9a, type: 3}
--- !u!1001 &383567696
PrefabInstance:
  m_ObjectHideFlags: 0
  serializedVersion: 2
  m_Modification:
    m_TransformParent: {fileID: 0}
    m_Modifications:
    - target: {fileID: -4216859302048453862, guid: 55bf3ac2485c3f940ad51451979fc8a3,
        type: 3}
      propertyPath: m_LocalPosition.x
      value: -1.785
      objectReference: {fileID: 0}
    - target: {fileID: -4216859302048453862, guid: 55bf3ac2485c3f940ad51451979fc8a3,
        type: 3}
      propertyPath: m_LocalPosition.y
      value: 0.002278133
      objectReference: {fileID: 0}
    - target: {fileID: -4216859302048453862, guid: 55bf3ac2485c3f940ad51451979fc8a3,
        type: 3}
      propertyPath: m_LocalPosition.z
      value: 1.0399975
      objectReference: {fileID: 0}
    - target: {fileID: -4216859302048453862, guid: 55bf3ac2485c3f940ad51451979fc8a3,
        type: 3}
      propertyPath: m_LocalRotation.x
      value: 0
      objectReference: {fileID: 0}
    - target: {fileID: -4216859302048453862, guid: 55bf3ac2485c3f940ad51451979fc8a3,
        type: 3}
      propertyPath: m_LocalRotation.y
      value: -0
      objectReference: {fileID: 0}
    - target: {fileID: -4216859302048453862, guid: 55bf3ac2485c3f940ad51451979fc8a3,
        type: 3}
      propertyPath: m_LocalRotation.z
      value: -0
      objectReference: {fileID: 0}
    - target: {fileID: -4216859302048453862, guid: 55bf3ac2485c3f940ad51451979fc8a3,
        type: 3}
      propertyPath: m_LocalRotation.w
      value: 1
      objectReference: {fileID: 0}
    - target: {fileID: -4216859302048453862, guid: 55bf3ac2485c3f940ad51451979fc8a3,
        type: 3}
      propertyPath: m_RootOrder
      value: 11
      objectReference: {fileID: 0}
    - target: {fileID: -4216859302048453862, guid: 55bf3ac2485c3f940ad51451979fc8a3,
        type: 3}
      propertyPath: m_LocalEulerAnglesHint.x
      value: 0
      objectReference: {fileID: 0}
    - target: {fileID: -4216859302048453862, guid: 55bf3ac2485c3f940ad51451979fc8a3,
        type: 3}
      propertyPath: m_LocalEulerAnglesHint.y
      value: 0
      objectReference: {fileID: 0}
    - target: {fileID: -4216859302048453862, guid: 55bf3ac2485c3f940ad51451979fc8a3,
        type: 3}
      propertyPath: m_LocalEulerAnglesHint.z
      value: 0
      objectReference: {fileID: 0}
    - target: {fileID: -1504981713932161579, guid: 55bf3ac2485c3f940ad51451979fc8a3,
        type: 3}
      propertyPath: m_Materials.Array.data[0]
      value: 
      objectReference: {fileID: 2100000, guid: 135c595505729e549800d63f96e68a4e, type: 2}
    - target: {fileID: -927199367670048503, guid: 55bf3ac2485c3f940ad51451979fc8a3,
        type: 3}
      propertyPath: m_Name
      value: Scanner_published (2)
      objectReference: {fileID: 0}
    m_RemovedComponents: []
  m_SourcePrefab: {fileID: 100100000, guid: 55bf3ac2485c3f940ad51451979fc8a3, type: 3}
--- !u!1001 &478987127
PrefabInstance:
  m_ObjectHideFlags: 0
  serializedVersion: 2
  m_Modification:
    m_TransformParent: {fileID: 0}
    m_Modifications:
    - target: {fileID: -4216859302048453862, guid: f80b0581a74b5034889ad14623579027,
        type: 3}
      propertyPath: m_LocalPosition.x
      value: -0
      objectReference: {fileID: 0}
    - target: {fileID: -4216859302048453862, guid: f80b0581a74b5034889ad14623579027,
        type: 3}
      propertyPath: m_LocalPosition.y
      value: 0
      objectReference: {fileID: 0}
    - target: {fileID: -4216859302048453862, guid: f80b0581a74b5034889ad14623579027,
        type: 3}
      propertyPath: m_LocalPosition.z
      value: 0
      objectReference: {fileID: 0}
    - target: {fileID: -4216859302048453862, guid: f80b0581a74b5034889ad14623579027,
        type: 3}
      propertyPath: m_LocalRotation.x
      value: 0
      objectReference: {fileID: 0}
    - target: {fileID: -4216859302048453862, guid: f80b0581a74b5034889ad14623579027,
        type: 3}
      propertyPath: m_LocalRotation.y
      value: -0
      objectReference: {fileID: 0}
    - target: {fileID: -4216859302048453862, guid: f80b0581a74b5034889ad14623579027,
        type: 3}
      propertyPath: m_LocalRotation.z
      value: -0
      objectReference: {fileID: 0}
    - target: {fileID: -4216859302048453862, guid: f80b0581a74b5034889ad14623579027,
        type: 3}
      propertyPath: m_LocalRotation.w
      value: 1
      objectReference: {fileID: 0}
    - target: {fileID: -4216859302048453862, guid: f80b0581a74b5034889ad14623579027,
        type: 3}
      propertyPath: m_RootOrder
      value: 20
      objectReference: {fileID: 0}
    - target: {fileID: -4216859302048453862, guid: f80b0581a74b5034889ad14623579027,
        type: 3}
      propertyPath: m_LocalEulerAnglesHint.x
      value: 0
      objectReference: {fileID: 0}
    - target: {fileID: -4216859302048453862, guid: f80b0581a74b5034889ad14623579027,
        type: 3}
      propertyPath: m_LocalEulerAnglesHint.y
      value: 0
      objectReference: {fileID: 0}
    - target: {fileID: -4216859302048453862, guid: f80b0581a74b5034889ad14623579027,
        type: 3}
      propertyPath: m_LocalEulerAnglesHint.z
      value: 0
      objectReference: {fileID: 0}
    - target: {fileID: -1504981713932161579, guid: f80b0581a74b5034889ad14623579027,
        type: 3}
      propertyPath: m_Materials.Array.data[0]
      value: 
      objectReference: {fileID: 2100000, guid: 8c0dcf94518d62d4a8b920e941b139c9, type: 2}
    - target: {fileID: -927199367670048503, guid: f80b0581a74b5034889ad14623579027,
        type: 3}
      propertyPath: m_Name
      value: porte_published
      objectReference: {fileID: 0}
    m_RemovedComponents: []
  m_SourcePrefab: {fileID: 100100000, guid: f80b0581a74b5034889ad14623579027, type: 3}
--- !u!1001 &638615040
PrefabInstance:
  m_ObjectHideFlags: 0
  serializedVersion: 2
  m_Modification:
    m_TransformParent: {fileID: 0}
    m_Modifications:
    - target: {fileID: -6492489633470295424, guid: e5398a4f252ccbc42ba379c72d418639,
        type: 3}
      propertyPath: m_Materials.Array.data[0]
      value: 
      objectReference: {fileID: 2100000, guid: 81562dd27f2255a42910f291354c4cfb, type: 2}
    - target: {fileID: -4216859302048453862, guid: e5398a4f252ccbc42ba379c72d418639,
        type: 3}
      propertyPath: m_LocalPosition.x
      value: -1.0379999
      objectReference: {fileID: 0}
    - target: {fileID: -4216859302048453862, guid: e5398a4f252ccbc42ba379c72d418639,
        type: 3}
      propertyPath: m_LocalPosition.y
      value: 0
      objectReference: {fileID: 0}
    - target: {fileID: -4216859302048453862, guid: e5398a4f252ccbc42ba379c72d418639,
        type: 3}
      propertyPath: m_LocalPosition.z
      value: 1.3710026
      objectReference: {fileID: 0}
    - target: {fileID: -4216859302048453862, guid: e5398a4f252ccbc42ba379c72d418639,
        type: 3}
      propertyPath: m_LocalRotation.x
      value: 0
      objectReference: {fileID: 0}
    - target: {fileID: -4216859302048453862, guid: e5398a4f252ccbc42ba379c72d418639,
        type: 3}
      propertyPath: m_LocalRotation.y
      value: -0
      objectReference: {fileID: 0}
    - target: {fileID: -4216859302048453862, guid: e5398a4f252ccbc42ba379c72d418639,
        type: 3}
      propertyPath: m_LocalRotation.z
      value: -0
      objectReference: {fileID: 0}
    - target: {fileID: -4216859302048453862, guid: e5398a4f252ccbc42ba379c72d418639,
        type: 3}
      propertyPath: m_LocalRotation.w
      value: 1
      objectReference: {fileID: 0}
    - target: {fileID: -4216859302048453862, guid: e5398a4f252ccbc42ba379c72d418639,
        type: 3}
      propertyPath: m_RootOrder
      value: 7
      objectReference: {fileID: 0}
    - target: {fileID: -4216859302048453862, guid: e5398a4f252ccbc42ba379c72d418639,
        type: 3}
      propertyPath: m_LocalEulerAnglesHint.x
      value: 0
      objectReference: {fileID: 0}
    - target: {fileID: -4216859302048453862, guid: e5398a4f252ccbc42ba379c72d418639,
        type: 3}
      propertyPath: m_LocalEulerAnglesHint.y
      value: 0
      objectReference: {fileID: 0}
    - target: {fileID: -4216859302048453862, guid: e5398a4f252ccbc42ba379c72d418639,
        type: 3}
      propertyPath: m_LocalEulerAnglesHint.z
      value: 0
      objectReference: {fileID: 0}
    - target: {fileID: -1504981713932161579, guid: e5398a4f252ccbc42ba379c72d418639,
        type: 3}
      propertyPath: m_Materials.Array.data[0]
      value: 
      objectReference: {fileID: 2100000, guid: 81562dd27f2255a42910f291354c4cfb, type: 2}
    - target: {fileID: -927199367670048503, guid: e5398a4f252ccbc42ba379c72d418639,
        type: 3}
      propertyPath: m_Name
      value: Bouton_published (3)
      objectReference: {fileID: 0}
    m_RemovedComponents: []
  m_SourcePrefab: {fileID: 100100000, guid: e5398a4f252ccbc42ba379c72d418639, type: 3}
--- !u!1001 &668415415
PrefabInstance:
  m_ObjectHideFlags: 0
  serializedVersion: 2
  m_Modification:
    m_TransformParent: {fileID: 0}
    m_Modifications:
    - target: {fileID: -4554010142084838754, guid: 8a497abd2e08a234d8a383f1c8353e9a,
        type: 3}
      propertyPath: m_Materials.Array.data[0]
      value: 
      objectReference: {fileID: 2100000, guid: 1f01073c9fb760d4485e9714bcdc8e93, type: 2}
    - target: {fileID: -4216859302048453862, guid: 8a497abd2e08a234d8a383f1c8353e9a,
        type: 3}
      propertyPath: m_LocalPosition.x
      value: -1.328
      objectReference: {fileID: 0}
    - target: {fileID: -4216859302048453862, guid: 8a497abd2e08a234d8a383f1c8353e9a,
        type: 3}
      propertyPath: m_LocalPosition.y
      value: 0
      objectReference: {fileID: 0}
    - target: {fileID: -4216859302048453862, guid: 8a497abd2e08a234d8a383f1c8353e9a,
        type: 3}
      propertyPath: m_LocalPosition.z
      value: 1.039998
      objectReference: {fileID: 0}
    - target: {fileID: -4216859302048453862, guid: 8a497abd2e08a234d8a383f1c8353e9a,
        type: 3}
      propertyPath: m_LocalRotation.x
      value: 0
      objectReference: {fileID: 0}
    - target: {fileID: -4216859302048453862, guid: 8a497abd2e08a234d8a383f1c8353e9a,
        type: 3}
      propertyPath: m_LocalRotation.y
      value: -0
      objectReference: {fileID: 0}
    - target: {fileID: -4216859302048453862, guid: 8a497abd2e08a234d8a383f1c8353e9a,
        type: 3}
      propertyPath: m_LocalRotation.z
      value: -0
      objectReference: {fileID: 0}
    - target: {fileID: -4216859302048453862, guid: 8a497abd2e08a234d8a383f1c8353e9a,
        type: 3}
      propertyPath: m_LocalRotation.w
      value: 1
      objectReference: {fileID: 0}
    - target: {fileID: -4216859302048453862, guid: 8a497abd2e08a234d8a383f1c8353e9a,
        type: 3}
      propertyPath: m_RootOrder
      value: 14
      objectReference: {fileID: 0}
    - target: {fileID: -4216859302048453862, guid: 8a497abd2e08a234d8a383f1c8353e9a,
        type: 3}
      propertyPath: m_LocalEulerAnglesHint.x
      value: 0
      objectReference: {fileID: 0}
    - target: {fileID: -4216859302048453862, guid: 8a497abd2e08a234d8a383f1c8353e9a,
        type: 3}
      propertyPath: m_LocalEulerAnglesHint.y
      value: 0
      objectReference: {fileID: 0}
    - target: {fileID: -4216859302048453862, guid: 8a497abd2e08a234d8a383f1c8353e9a,
        type: 3}
      propertyPath: m_LocalEulerAnglesHint.z
      value: 0
      objectReference: {fileID: 0}
    - target: {fileID: -1504981713932161579, guid: 8a497abd2e08a234d8a383f1c8353e9a,
        type: 3}
      propertyPath: m_Materials.Array.data[0]
      value: 
      objectReference: {fileID: 2100000, guid: 1f01073c9fb760d4485e9714bcdc8e93, type: 2}
    - target: {fileID: -927199367670048503, guid: 8a497abd2e08a234d8a383f1c8353e9a,
        type: 3}
      propertyPath: m_Name
      value: Levier_published (2)
      objectReference: {fileID: 0}
    m_RemovedComponents: []
  m_SourcePrefab: {fileID: 100100000, guid: 8a497abd2e08a234d8a383f1c8353e9a, type: 3}
--- !u!1001 &737633093
PrefabInstance:
  m_ObjectHideFlags: 0
  serializedVersion: 2
  m_Modification:
    m_TransformParent: {fileID: 0}
    m_Modifications:
    - target: {fileID: -6492489633470295424, guid: e5398a4f252ccbc42ba379c72d418639,
        type: 3}
      propertyPath: m_Materials.Array.data[0]
      value: 
      objectReference: {fileID: 2100000, guid: 35f903fb974490340912ce6d15774e1b, type: 2}
    - target: {fileID: -4216859302048453862, guid: e5398a4f252ccbc42ba379c72d418639,
        type: 3}
      propertyPath: m_LocalPosition.x
      value: -1.073
      objectReference: {fileID: 0}
    - target: {fileID: -4216859302048453862, guid: e5398a4f252ccbc42ba379c72d418639,
        type: 3}
      propertyPath: m_LocalPosition.y
      value: 0
      objectReference: {fileID: 0}
    - target: {fileID: -4216859302048453862, guid: e5398a4f252ccbc42ba379c72d418639,
        type: 3}
      propertyPath: m_LocalPosition.z
      value: 0.6560025
      objectReference: {fileID: 0}
    - target: {fileID: -4216859302048453862, guid: e5398a4f252ccbc42ba379c72d418639,
        type: 3}
      propertyPath: m_LocalRotation.x
      value: 0
      objectReference: {fileID: 0}
    - target: {fileID: -4216859302048453862, guid: e5398a4f252ccbc42ba379c72d418639,
        type: 3}
      propertyPath: m_LocalRotation.y
      value: -0
      objectReference: {fileID: 0}
    - target: {fileID: -4216859302048453862, guid: e5398a4f252ccbc42ba379c72d418639,
        type: 3}
      propertyPath: m_LocalRotation.z
      value: -0
      objectReference: {fileID: 0}
    - target: {fileID: -4216859302048453862, guid: e5398a4f252ccbc42ba379c72d418639,
        type: 3}
      propertyPath: m_LocalRotation.w
      value: 1
      objectReference: {fileID: 0}
    - target: {fileID: -4216859302048453862, guid: e5398a4f252ccbc42ba379c72d418639,
        type: 3}
      propertyPath: m_RootOrder
      value: 4
      objectReference: {fileID: 0}
    - target: {fileID: -4216859302048453862, guid: e5398a4f252ccbc42ba379c72d418639,
        type: 3}
      propertyPath: m_LocalEulerAnglesHint.x
      value: 0
      objectReference: {fileID: 0}
    - target: {fileID: -4216859302048453862, guid: e5398a4f252ccbc42ba379c72d418639,
        type: 3}
      propertyPath: m_LocalEulerAnglesHint.y
      value: 0
      objectReference: {fileID: 0}
    - target: {fileID: -4216859302048453862, guid: e5398a4f252ccbc42ba379c72d418639,
        type: 3}
      propertyPath: m_LocalEulerAnglesHint.z
      value: 0
      objectReference: {fileID: 0}
    - target: {fileID: -1504981713932161579, guid: e5398a4f252ccbc42ba379c72d418639,
        type: 3}
      propertyPath: m_Materials.Array.data[0]
      value: 
      objectReference: {fileID: 2100000, guid: 35f903fb974490340912ce6d15774e1b, type: 2}
    - target: {fileID: -927199367670048503, guid: e5398a4f252ccbc42ba379c72d418639,
        type: 3}
      propertyPath: m_Name
      value: Bouton_published (4)
      objectReference: {fileID: 0}
    m_RemovedComponents: []
  m_SourcePrefab: {fileID: 100100000, guid: e5398a4f252ccbc42ba379c72d418639, type: 3}
--- !u!1001 &766882716
PrefabInstance:
  m_ObjectHideFlags: 0
  serializedVersion: 2
  m_Modification:
    m_TransformParent: {fileID: 0}
    m_Modifications:
    - target: {fileID: -4216859302048453862, guid: f12a0e865448f614d90b6c7149526f10,
        type: 3}
      propertyPath: m_LocalPosition.x
      value: -0
      objectReference: {fileID: 0}
    - target: {fileID: -4216859302048453862, guid: f12a0e865448f614d90b6c7149526f10,
        type: 3}
      propertyPath: m_LocalPosition.y
      value: -0.00000015258787
      objectReference: {fileID: 0}
    - target: {fileID: -4216859302048453862, guid: f12a0e865448f614d90b6c7149526f10,
        type: 3}
      propertyPath: m_LocalPosition.z
      value: 1.154
      objectReference: {fileID: 0}
    - target: {fileID: -4216859302048453862, guid: f12a0e865448f614d90b6c7149526f10,
        type: 3}
      propertyPath: m_LocalRotation.x
      value: 0
      objectReference: {fileID: 0}
    - target: {fileID: -4216859302048453862, guid: f12a0e865448f614d90b6c7149526f10,
        type: 3}
      propertyPath: m_LocalRotation.y
      value: -0
      objectReference: {fileID: 0}
    - target: {fileID: -4216859302048453862, guid: f12a0e865448f614d90b6c7149526f10,
        type: 3}
      propertyPath: m_LocalRotation.z
      value: -0
      objectReference: {fileID: 0}
    - target: {fileID: -4216859302048453862, guid: f12a0e865448f614d90b6c7149526f10,
        type: 3}
      propertyPath: m_LocalRotation.w
      value: 1
      objectReference: {fileID: 0}
    - target: {fileID: -4216859302048453862, guid: f12a0e865448f614d90b6c7149526f10,
        type: 3}
      propertyPath: m_RootOrder
      value: 29
      objectReference: {fileID: 0}
    - target: {fileID: -4216859302048453862, guid: f12a0e865448f614d90b6c7149526f10,
        type: 3}
      propertyPath: m_LocalEulerAnglesHint.x
      value: 0
      objectReference: {fileID: 0}
    - target: {fileID: -4216859302048453862, guid: f12a0e865448f614d90b6c7149526f10,
        type: 3}
      propertyPath: m_LocalEulerAnglesHint.y
      value: 0
      objectReference: {fileID: 0}
    - target: {fileID: -4216859302048453862, guid: f12a0e865448f614d90b6c7149526f10,
        type: 3}
      propertyPath: m_LocalEulerAnglesHint.z
      value: 0
      objectReference: {fileID: 0}
    - target: {fileID: -927199367670048503, guid: f12a0e865448f614d90b6c7149526f10,
        type: 3}
      propertyPath: m_Name
      value: coffre_published
      objectReference: {fileID: 0}
    - target: {fileID: 4796314245691601352, guid: f12a0e865448f614d90b6c7149526f10,
        type: 3}
      propertyPath: m_Materials.Array.data[0]
      value: 
      objectReference: {fileID: 2100000, guid: 053fb765a9204eb45ad0481ef2b1b3aa, type: 2}
    m_RemovedComponents: []
  m_SourcePrefab: {fileID: 100100000, guid: f12a0e865448f614d90b6c7149526f10, type: 3}
--- !u!1001 &793108716
PrefabInstance:
  m_ObjectHideFlags: 0
  serializedVersion: 2
  m_Modification:
    m_TransformParent: {fileID: 0}
    m_Modifications:
    - target: {fileID: -4216859302048453862, guid: 0647fb30052a9044c9ebb2b3cdc21590,
        type: 3}
      propertyPath: m_LocalPosition.x
      value: -0.81299996
      objectReference: {fileID: 0}
    - target: {fileID: -4216859302048453862, guid: 0647fb30052a9044c9ebb2b3cdc21590,
        type: 3}
      propertyPath: m_LocalPosition.y
      value: 0
      objectReference: {fileID: 0}
    - target: {fileID: -4216859302048453862, guid: 0647fb30052a9044c9ebb2b3cdc21590,
        type: 3}
      propertyPath: m_LocalPosition.z
      value: 1.0399975
      objectReference: {fileID: 0}
    - target: {fileID: -4216859302048453862, guid: 0647fb30052a9044c9ebb2b3cdc21590,
        type: 3}
      propertyPath: m_LocalRotation.x
      value: 0
      objectReference: {fileID: 0}
    - target: {fileID: -4216859302048453862, guid: 0647fb30052a9044c9ebb2b3cdc21590,
        type: 3}
      propertyPath: m_LocalRotation.y
      value: -0
      objectReference: {fileID: 0}
    - target: {fileID: -4216859302048453862, guid: 0647fb30052a9044c9ebb2b3cdc21590,
        type: 3}
      propertyPath: m_LocalRotation.z
      value: -0
      objectReference: {fileID: 0}
    - target: {fileID: -4216859302048453862, guid: 0647fb30052a9044c9ebb2b3cdc21590,
        type: 3}
      propertyPath: m_LocalRotation.w
      value: 1
      objectReference: {fileID: 0}
    - target: {fileID: -4216859302048453862, guid: 0647fb30052a9044c9ebb2b3cdc21590,
        type: 3}
      propertyPath: m_RootOrder
      value: 10
      objectReference: {fileID: 0}
    - target: {fileID: -4216859302048453862, guid: 0647fb30052a9044c9ebb2b3cdc21590,
        type: 3}
      propertyPath: m_LocalEulerAnglesHint.x
      value: 0
      objectReference: {fileID: 0}
    - target: {fileID: -4216859302048453862, guid: 0647fb30052a9044c9ebb2b3cdc21590,
        type: 3}
      propertyPath: m_LocalEulerAnglesHint.y
      value: 0
      objectReference: {fileID: 0}
    - target: {fileID: -4216859302048453862, guid: 0647fb30052a9044c9ebb2b3cdc21590,
        type: 3}
      propertyPath: m_LocalEulerAnglesHint.z
      value: 0
      objectReference: {fileID: 0}
    - target: {fileID: -3194699643631771839, guid: 0647fb30052a9044c9ebb2b3cdc21590,
        type: 3}
      propertyPath: m_Materials.Array.data[0]
      value: 
      objectReference: {fileID: 2100000, guid: 006185a28fcb1144f88d11042c8f73d9, type: 2}
    - target: {fileID: -1504981713932161579, guid: 0647fb30052a9044c9ebb2b3cdc21590,
        type: 3}
      propertyPath: m_Materials.Array.data[0]
      value: 
      objectReference: {fileID: 2100000, guid: 006185a28fcb1144f88d11042c8f73d9, type: 2}
    - target: {fileID: -927199367670048503, guid: 0647fb30052a9044c9ebb2b3cdc21590,
        type: 3}
      propertyPath: m_Name
      value: Batterie_published (2)
      objectReference: {fileID: 0}
    m_RemovedComponents: []
  m_SourcePrefab: {fileID: 100100000, guid: 0647fb30052a9044c9ebb2b3cdc21590, type: 3}
--- !u!1001 &808742507
PrefabInstance:
  m_ObjectHideFlags: 0
  serializedVersion: 2
  m_Modification:
    m_TransformParent: {fileID: 0}
    m_Modifications:
    - target: {fileID: -4216859302048453862, guid: 0c4378e0d7eac8a4fb48e92a51263a8d,
        type: 3}
      propertyPath: m_LocalPosition.x
      value: -1.5589999
      objectReference: {fileID: 0}
    - target: {fileID: -4216859302048453862, guid: 0c4378e0d7eac8a4fb48e92a51263a8d,
        type: 3}
      propertyPath: m_LocalPosition.y
      value: 0
      objectReference: {fileID: 0}
    - target: {fileID: -4216859302048453862, guid: 0c4378e0d7eac8a4fb48e92a51263a8d,
        type: 3}
      propertyPath: m_LocalPosition.z
      value: 1.3709904
      objectReference: {fileID: 0}
    - target: {fileID: -4216859302048453862, guid: 0c4378e0d7eac8a4fb48e92a51263a8d,
        type: 3}
      propertyPath: m_LocalRotation.x
      value: 0
      objectReference: {fileID: 0}
    - target: {fileID: -4216859302048453862, guid: 0c4378e0d7eac8a4fb48e92a51263a8d,
        type: 3}
      propertyPath: m_LocalRotation.y
      value: -0
      objectReference: {fileID: 0}
    - target: {fileID: -4216859302048453862, guid: 0c4378e0d7eac8a4fb48e92a51263a8d,
        type: 3}
      propertyPath: m_LocalRotation.z
      value: -0
      objectReference: {fileID: 0}
    - target: {fileID: -4216859302048453862, guid: 0c4378e0d7eac8a4fb48e92a51263a8d,
        type: 3}
      propertyPath: m_LocalRotation.w
      value: 1
      objectReference: {fileID: 0}
    - target: {fileID: -4216859302048453862, guid: 0c4378e0d7eac8a4fb48e92a51263a8d,
        type: 3}
      propertyPath: m_RootOrder
      value: 6
      objectReference: {fileID: 0}
    - target: {fileID: -4216859302048453862, guid: 0c4378e0d7eac8a4fb48e92a51263a8d,
        type: 3}
      propertyPath: m_LocalEulerAnglesHint.x
      value: 0
      objectReference: {fileID: 0}
    - target: {fileID: -4216859302048453862, guid: 0c4378e0d7eac8a4fb48e92a51263a8d,
        type: 3}
      propertyPath: m_LocalEulerAnglesHint.y
      value: 0
      objectReference: {fileID: 0}
    - target: {fileID: -4216859302048453862, guid: 0c4378e0d7eac8a4fb48e92a51263a8d,
        type: 3}
      propertyPath: m_LocalEulerAnglesHint.z
      value: 0
      objectReference: {fileID: 0}
    - target: {fileID: -1504981713932161579, guid: 0c4378e0d7eac8a4fb48e92a51263a8d,
        type: 3}
      propertyPath: m_Materials.Array.data[0]
      value: 
      objectReference: {fileID: 2100000, guid: a660c90e2214daa4fb71db140be3144d, type: 2}
    - target: {fileID: -927199367670048503, guid: 0c4378e0d7eac8a4fb48e92a51263a8d,
        type: 3}
      propertyPath: m_Name
      value: Molette_published (3)
      objectReference: {fileID: 0}
    - target: {fileID: 5070122933657362429, guid: 0c4378e0d7eac8a4fb48e92a51263a8d,
        type: 3}
      propertyPath: m_Materials.Array.data[0]
      value: 
      objectReference: {fileID: 2100000, guid: a660c90e2214daa4fb71db140be3144d, type: 2}
    m_RemovedComponents: []
  m_SourcePrefab: {fileID: 100100000, guid: 0c4378e0d7eac8a4fb48e92a51263a8d, type: 3}
--- !u!1001 &825963324
PrefabInstance:
  m_ObjectHideFlags: 0
  serializedVersion: 2
  m_Modification:
    m_TransformParent: {fileID: 0}
    m_Modifications:
    - target: {fileID: -4216859302048453862, guid: a6fe35dd3c8282546aa73a8b743438cc,
        type: 3}
      propertyPath: m_LocalPosition.x
      value: 1.516
      objectReference: {fileID: 0}
    - target: {fileID: -4216859302048453862, guid: a6fe35dd3c8282546aa73a8b743438cc,
        type: 3}
      propertyPath: m_LocalPosition.y
      value: 0
      objectReference: {fileID: 0}
    - target: {fileID: -4216859302048453862, guid: a6fe35dd3c8282546aa73a8b743438cc,
        type: 3}
      propertyPath: m_LocalPosition.z
      value: 0
      objectReference: {fileID: 0}
    - target: {fileID: -4216859302048453862, guid: a6fe35dd3c8282546aa73a8b743438cc,
        type: 3}
      propertyPath: m_LocalRotation.x
      value: 0
      objectReference: {fileID: 0}
    - target: {fileID: -4216859302048453862, guid: a6fe35dd3c8282546aa73a8b743438cc,
        type: 3}
      propertyPath: m_LocalRotation.y
      value: -0
      objectReference: {fileID: 0}
    - target: {fileID: -4216859302048453862, guid: a6fe35dd3c8282546aa73a8b743438cc,
        type: 3}
      propertyPath: m_LocalRotation.z
      value: -0
      objectReference: {fileID: 0}
    - target: {fileID: -4216859302048453862, guid: a6fe35dd3c8282546aa73a8b743438cc,
        type: 3}
      propertyPath: m_LocalRotation.w
      value: 1
      objectReference: {fileID: 0}
    - target: {fileID: -4216859302048453862, guid: a6fe35dd3c8282546aa73a8b743438cc,
        type: 3}
      propertyPath: m_RootOrder
      value: 19
      objectReference: {fileID: 0}
    - target: {fileID: -4216859302048453862, guid: a6fe35dd3c8282546aa73a8b743438cc,
        type: 3}
      propertyPath: m_LocalEulerAnglesHint.x
      value: 0
      objectReference: {fileID: 0}
    - target: {fileID: -4216859302048453862, guid: a6fe35dd3c8282546aa73a8b743438cc,
        type: 3}
      propertyPath: m_LocalEulerAnglesHint.y
      value: 0
      objectReference: {fileID: 0}
    - target: {fileID: -4216859302048453862, guid: a6fe35dd3c8282546aa73a8b743438cc,
        type: 3}
      propertyPath: m_LocalEulerAnglesHint.z
      value: 0
      objectReference: {fileID: 0}
    - target: {fileID: -1504981713932161579, guid: a6fe35dd3c8282546aa73a8b743438cc,
        type: 3}
      propertyPath: m_Materials.Array.data[0]
      value: 
      objectReference: {fileID: 2100000, guid: b5456454a5c25b64ba53cd816a366f3f, type: 2}
    - target: {fileID: -927199367670048503, guid: a6fe35dd3c8282546aa73a8b743438cc,
        type: 3}
      propertyPath: m_Name
      value: fauteuil_published
      objectReference: {fileID: 0}
    m_RemovedComponents: []
  m_SourcePrefab: {fileID: 100100000, guid: a6fe35dd3c8282546aa73a8b743438cc, type: 3}
--- !u!1001 &880402365
PrefabInstance:
  m_ObjectHideFlags: 0
  serializedVersion: 2
  m_Modification:
    m_TransformParent: {fileID: 0}
    m_Modifications:
    - target: {fileID: -4216859302048453862, guid: d7051164a796b4e43b515e912345ed62,
        type: 3}
      propertyPath: m_LocalPosition.x
      value: -3.02
      objectReference: {fileID: 0}
    - target: {fileID: -4216859302048453862, guid: d7051164a796b4e43b515e912345ed62,
        type: 3}
      propertyPath: m_LocalPosition.y
      value: 0.09331581
      objectReference: {fileID: 0}
    - target: {fileID: -4216859302048453862, guid: d7051164a796b4e43b515e912345ed62,
        type: 3}
      propertyPath: m_LocalPosition.z
      value: -0.000000012524499
      objectReference: {fileID: 0}
    - target: {fileID: -4216859302048453862, guid: d7051164a796b4e43b515e912345ed62,
        type: 3}
      propertyPath: m_LocalRotation.x
      value: 0
      objectReference: {fileID: 0}
    - target: {fileID: -4216859302048453862, guid: d7051164a796b4e43b515e912345ed62,
        type: 3}
      propertyPath: m_LocalRotation.y
      value: -0
      objectReference: {fileID: 0}
    - target: {fileID: -4216859302048453862, guid: d7051164a796b4e43b515e912345ed62,
        type: 3}
      propertyPath: m_LocalRotation.z
      value: -0
      objectReference: {fileID: 0}
    - target: {fileID: -4216859302048453862, guid: d7051164a796b4e43b515e912345ed62,
        type: 3}
      propertyPath: m_LocalRotation.w
      value: 1
      objectReference: {fileID: 0}
    - target: {fileID: -4216859302048453862, guid: d7051164a796b4e43b515e912345ed62,
        type: 3}
      propertyPath: m_RootOrder
      value: 27
      objectReference: {fileID: 0}
    - target: {fileID: -4216859302048453862, guid: d7051164a796b4e43b515e912345ed62,
        type: 3}
      propertyPath: m_LocalEulerAnglesHint.x
      value: 0
      objectReference: {fileID: 0}
    - target: {fileID: -4216859302048453862, guid: d7051164a796b4e43b515e912345ed62,
        type: 3}
      propertyPath: m_LocalEulerAnglesHint.y
      value: 0
      objectReference: {fileID: 0}
    - target: {fileID: -4216859302048453862, guid: d7051164a796b4e43b515e912345ed62,
        type: 3}
      propertyPath: m_LocalEulerAnglesHint.z
      value: 0
      objectReference: {fileID: 0}
    - target: {fileID: -1504981713932161579, guid: d7051164a796b4e43b515e912345ed62,
        type: 3}
      propertyPath: m_Materials.Array.data[0]
      value: 
      objectReference: {fileID: 2100000, guid: 7bda73237ecc7784b96ee4b1c25f0d53, type: 2}
    - target: {fileID: -927199367670048503, guid: d7051164a796b4e43b515e912345ed62,
        type: 3}
      propertyPath: m_Name
      value: Drink_cup
      objectReference: {fileID: 0}
    m_RemovedComponents: []
  m_SourcePrefab: {fileID: 100100000, guid: d7051164a796b4e43b515e912345ed62, type: 3}
--- !u!1001 &960392570
PrefabInstance:
  m_ObjectHideFlags: 0
  serializedVersion: 2
  m_Modification:
    m_TransformParent: {fileID: 0}
    m_Modifications:
    - target: {fileID: -4216859302048453862, guid: 0c4378e0d7eac8a4fb48e92a51263a8d,
        type: 3}
      propertyPath: m_LocalPosition.x
      value: -1.5589999
      objectReference: {fileID: 0}
    - target: {fileID: -4216859302048453862, guid: 0c4378e0d7eac8a4fb48e92a51263a8d,
        type: 3}
      propertyPath: m_LocalPosition.y
      value: 0
      objectReference: {fileID: 0}
    - target: {fileID: -4216859302048453862, guid: 0c4378e0d7eac8a4fb48e92a51263a8d,
        type: 3}
      propertyPath: m_LocalPosition.z
      value: -0.000009585978
      objectReference: {fileID: 0}
    - target: {fileID: -4216859302048453862, guid: 0c4378e0d7eac8a4fb48e92a51263a8d,
        type: 3}
      propertyPath: m_LocalRotation.x
      value: 0
      objectReference: {fileID: 0}
    - target: {fileID: -4216859302048453862, guid: 0c4378e0d7eac8a4fb48e92a51263a8d,
        type: 3}
      propertyPath: m_LocalRotation.y
      value: -0
      objectReference: {fileID: 0}
    - target: {fileID: -4216859302048453862, guid: 0c4378e0d7eac8a4fb48e92a51263a8d,
        type: 3}
      propertyPath: m_LocalRotation.z
      value: -0
      objectReference: {fileID: 0}
    - target: {fileID: -4216859302048453862, guid: 0c4378e0d7eac8a4fb48e92a51263a8d,
        type: 3}
      propertyPath: m_LocalRotation.w
      value: 1
      objectReference: {fileID: 0}
    - target: {fileID: -4216859302048453862, guid: 0c4378e0d7eac8a4fb48e92a51263a8d,
        type: 3}
      propertyPath: m_RootOrder
      value: 24
      objectReference: {fileID: 0}
    - target: {fileID: -4216859302048453862, guid: 0c4378e0d7eac8a4fb48e92a51263a8d,
        type: 3}
      propertyPath: m_LocalEulerAnglesHint.x
      value: 0
      objectReference: {fileID: 0}
    - target: {fileID: -4216859302048453862, guid: 0c4378e0d7eac8a4fb48e92a51263a8d,
        type: 3}
      propertyPath: m_LocalEulerAnglesHint.y
      value: 0
      objectReference: {fileID: 0}
    - target: {fileID: -4216859302048453862, guid: 0c4378e0d7eac8a4fb48e92a51263a8d,
        type: 3}
      propertyPath: m_LocalEulerAnglesHint.z
      value: 0
      objectReference: {fileID: 0}
    - target: {fileID: -1504981713932161579, guid: 0c4378e0d7eac8a4fb48e92a51263a8d,
        type: 3}
      propertyPath: m_Materials.Array.data[0]
      value: 
      objectReference: {fileID: 2100000, guid: a83beb69cc8862b4fba1a552d4dc22df, type: 2}
    - target: {fileID: -927199367670048503, guid: 0c4378e0d7eac8a4fb48e92a51263a8d,
        type: 3}
      propertyPath: m_Name
      value: Molette_published
      objectReference: {fileID: 0}
    - target: {fileID: 5070122933657362429, guid: 0c4378e0d7eac8a4fb48e92a51263a8d,
        type: 3}
      propertyPath: m_Materials.Array.data[0]
      value: 
      objectReference: {fileID: 2100000, guid: a83beb69cc8862b4fba1a552d4dc22df, type: 2}
    m_RemovedComponents: []
  m_SourcePrefab: {fileID: 100100000, guid: 0c4378e0d7eac8a4fb48e92a51263a8d, type: 3}
--- !u!1001 &1076008029
PrefabInstance:
  m_ObjectHideFlags: 0
  serializedVersion: 2
  m_Modification:
    m_TransformParent: {fileID: 0}
    m_Modifications:
    - target: {fileID: -4216859302048453862, guid: 0647fb30052a9044c9ebb2b3cdc21590,
        type: 3}
      propertyPath: m_LocalPosition.x
      value: -0.81299996
      objectReference: {fileID: 0}
    - target: {fileID: -4216859302048453862, guid: 0647fb30052a9044c9ebb2b3cdc21590,
        type: 3}
      propertyPath: m_LocalPosition.y
      value: 0
      objectReference: {fileID: 0}
    - target: {fileID: -4216859302048453862, guid: 0647fb30052a9044c9ebb2b3cdc21590,
        type: 3}
      propertyPath: m_LocalPosition.z
      value: 0.656
      objectReference: {fileID: 0}
    - target: {fileID: -4216859302048453862, guid: 0647fb30052a9044c9ebb2b3cdc21590,
        type: 3}
      propertyPath: m_LocalRotation.x
      value: 0
      objectReference: {fileID: 0}
    - target: {fileID: -4216859302048453862, guid: 0647fb30052a9044c9ebb2b3cdc21590,
        type: 3}
      propertyPath: m_LocalRotation.y
      value: -0
      objectReference: {fileID: 0}
    - target: {fileID: -4216859302048453862, guid: 0647fb30052a9044c9ebb2b3cdc21590,
        type: 3}
      propertyPath: m_LocalRotation.z
      value: -0
      objectReference: {fileID: 0}
    - target: {fileID: -4216859302048453862, guid: 0647fb30052a9044c9ebb2b3cdc21590,
        type: 3}
      propertyPath: m_LocalRotation.w
      value: 1
      objectReference: {fileID: 0}
    - target: {fileID: -4216859302048453862, guid: 0647fb30052a9044c9ebb2b3cdc21590,
        type: 3}
      propertyPath: m_RootOrder
      value: 3
      objectReference: {fileID: 0}
    - target: {fileID: -4216859302048453862, guid: 0647fb30052a9044c9ebb2b3cdc21590,
        type: 3}
      propertyPath: m_LocalEulerAnglesHint.x
      value: 0
      objectReference: {fileID: 0}
    - target: {fileID: -4216859302048453862, guid: 0647fb30052a9044c9ebb2b3cdc21590,
        type: 3}
      propertyPath: m_LocalEulerAnglesHint.y
      value: 0
      objectReference: {fileID: 0}
    - target: {fileID: -4216859302048453862, guid: 0647fb30052a9044c9ebb2b3cdc21590,
        type: 3}
      propertyPath: m_LocalEulerAnglesHint.z
      value: 0
      objectReference: {fileID: 0}
    - target: {fileID: -3194699643631771839, guid: 0647fb30052a9044c9ebb2b3cdc21590,
        type: 3}
      propertyPath: m_Materials.Array.data[0]
      value: 
      objectReference: {fileID: 2100000, guid: 6344dffbaf775914e8f27c5a7d2ec7c2, type: 2}
    - target: {fileID: -1504981713932161579, guid: 0647fb30052a9044c9ebb2b3cdc21590,
        type: 3}
      propertyPath: m_Materials.Array.data[0]
      value: 
      objectReference: {fileID: 2100000, guid: 6344dffbaf775914e8f27c5a7d2ec7c2, type: 2}
    - target: {fileID: -927199367670048503, guid: 0647fb30052a9044c9ebb2b3cdc21590,
        type: 3}
      propertyPath: m_Name
      value: Batterie_published (4)
      objectReference: {fileID: 0}
    m_RemovedComponents: []
  m_SourcePrefab: {fileID: 100100000, guid: 0647fb30052a9044c9ebb2b3cdc21590, type: 3}
--- !u!1001 &1392997810
PrefabInstance:
  m_ObjectHideFlags: 0
  serializedVersion: 2
  m_Modification:
    m_TransformParent: {fileID: 0}
    m_Modifications:
    - target: {fileID: -4216859302048453862, guid: 99fef45336fc4a34db51ddeb2fee2192,
        type: 3}
      propertyPath: m_LocalPosition.x
      value: -3.96
      objectReference: {fileID: 0}
    - target: {fileID: -4216859302048453862, guid: 99fef45336fc4a34db51ddeb2fee2192,
        type: 3}
      propertyPath: m_LocalPosition.y
      value: 0
      objectReference: {fileID: 0}
    - target: {fileID: -4216859302048453862, guid: 99fef45336fc4a34db51ddeb2fee2192,
        type: 3}
      propertyPath: m_LocalPosition.z
      value: 0
      objectReference: {fileID: 0}
    - target: {fileID: -4216859302048453862, guid: 99fef45336fc4a34db51ddeb2fee2192,
        type: 3}
      propertyPath: m_LocalRotation.x
      value: 0
      objectReference: {fileID: 0}
    - target: {fileID: -4216859302048453862, guid: 99fef45336fc4a34db51ddeb2fee2192,
        type: 3}
      propertyPath: m_LocalRotation.y
      value: 0
      objectReference: {fileID: 0}
    - target: {fileID: -4216859302048453862, guid: 99fef45336fc4a34db51ddeb2fee2192,
        type: 3}
      propertyPath: m_LocalRotation.z
      value: 0
      objectReference: {fileID: 0}
    - target: {fileID: -4216859302048453862, guid: 99fef45336fc4a34db51ddeb2fee2192,
        type: 3}
      propertyPath: m_LocalRotation.w
      value: 1
      objectReference: {fileID: 0}
    - target: {fileID: -4216859302048453862, guid: 99fef45336fc4a34db51ddeb2fee2192,
        type: 3}
      propertyPath: m_RootOrder
      value: 28
      objectReference: {fileID: 0}
    - target: {fileID: -4216859302048453862, guid: 99fef45336fc4a34db51ddeb2fee2192,
        type: 3}
      propertyPath: m_LocalEulerAnglesHint.x
      value: 0
      objectReference: {fileID: 0}
    - target: {fileID: -4216859302048453862, guid: 99fef45336fc4a34db51ddeb2fee2192,
        type: 3}
      propertyPath: m_LocalEulerAnglesHint.y
      value: 0
      objectReference: {fileID: 0}
    - target: {fileID: -4216859302048453862, guid: 99fef45336fc4a34db51ddeb2fee2192,
        type: 3}
      propertyPath: m_LocalEulerAnglesHint.z
      value: 0
      objectReference: {fileID: 0}
    - target: {fileID: -927199367670048503, guid: 99fef45336fc4a34db51ddeb2fee2192,
        type: 3}
      propertyPath: m_Name
      value: Tuyeaux
      objectReference: {fileID: 0}
    - target: {fileID: 7626640557667115582, guid: 99fef45336fc4a34db51ddeb2fee2192,
        type: 3}
      propertyPath: m_Materials.Array.data[0]
      value: 
      objectReference: {fileID: 2100000, guid: 675933416d8e9bb438e95e35a82dda54, type: 2}
    - target: {fileID: 8147767467112638428, guid: 99fef45336fc4a34db51ddeb2fee2192,
        type: 3}
      propertyPath: m_Materials.Array.data[0]
      value: 
      objectReference: {fileID: 2100000, guid: 675933416d8e9bb438e95e35a82dda54, type: 2}
    - target: {fileID: 8278293813010968749, guid: 99fef45336fc4a34db51ddeb2fee2192,
        type: 3}
      propertyPath: m_Materials.Array.data[0]
      value: 
      objectReference: {fileID: 2100000, guid: 675933416d8e9bb438e95e35a82dda54, type: 2}
    m_RemovedComponents: []
  m_SourcePrefab: {fileID: 100100000, guid: 99fef45336fc4a34db51ddeb2fee2192, type: 3}
--- !u!1 &1404056979
GameObject:
  m_ObjectHideFlags: 0
  m_CorrespondingSourceObject: {fileID: 0}
  m_PrefabInstance: {fileID: 0}
  m_PrefabAsset: {fileID: 0}
  serializedVersion: 6
  m_Component:
  - component: {fileID: 1404056982}
  - component: {fileID: 1404056981}
  - component: {fileID: 1404056980}
  m_Layer: 0
  m_Name: Main Camera
  m_TagString: MainCamera
  m_Icon: {fileID: 0}
  m_NavMeshLayer: 0
  m_StaticEditorFlags: 0
  m_IsActive: 1
--- !u!81 &1404056980
AudioListener:
  m_ObjectHideFlags: 0
  m_CorrespondingSourceObject: {fileID: 0}
  m_PrefabInstance: {fileID: 0}
  m_PrefabAsset: {fileID: 0}
  m_GameObject: {fileID: 1404056979}
  m_Enabled: 1
--- !u!20 &1404056981
Camera:
  m_ObjectHideFlags: 0
  m_CorrespondingSourceObject: {fileID: 0}
  m_PrefabInstance: {fileID: 0}
  m_PrefabAsset: {fileID: 0}
  m_GameObject: {fileID: 1404056979}
  m_Enabled: 1
  serializedVersion: 2
  m_ClearFlags: 1
  m_BackGroundColor: {r: 0.19215687, g: 0.3019608, b: 0.4745098, a: 0}
  m_projectionMatrixMode: 1
  m_GateFitMode: 2
  m_FOVAxisMode: 0
  m_SensorSize: {x: 36, y: 24}
  m_LensShift: {x: 0, y: 0}
  m_FocalLength: 50
  m_NormalizedViewPortRect:
    serializedVersion: 2
    x: 0
    y: 0
    width: 1
    height: 1
  near clip plane: 0.3
  far clip plane: 1000
  field of view: 60
  orthographic: 0
  orthographic size: 5
  m_Depth: -1
  m_CullingMask:
    serializedVersion: 2
    m_Bits: 4294967295
  m_RenderingPath: -1
  m_TargetTexture: {fileID: 0}
  m_TargetDisplay: 0
  m_TargetEye: 3
  m_HDR: 1
  m_AllowMSAA: 1
  m_AllowDynamicResolution: 0
  m_ForceIntoRT: 0
  m_OcclusionCulling: 1
  m_StereoConvergence: 10
  m_StereoSeparation: 0.022
--- !u!4 &1404056982
Transform:
  m_ObjectHideFlags: 0
  m_CorrespondingSourceObject: {fileID: 0}
  m_PrefabInstance: {fileID: 0}
  m_PrefabAsset: {fileID: 0}
  m_GameObject: {fileID: 1404056979}
  m_LocalRotation: {x: 0, y: 0, z: 0, w: 1}
  m_LocalPosition: {x: 0, y: 1, z: -10}
  m_LocalScale: {x: 1, y: 1, z: 1}
  m_Children: []
  m_Father: {fileID: 0}
  m_RootOrder: 0
  m_LocalEulerAnglesHint: {x: 0, y: 0, z: 0}
--- !u!1001 &1411098451
PrefabInstance:
  m_ObjectHideFlags: 0
  serializedVersion: 2
  m_Modification:
    m_TransformParent: {fileID: 0}
    m_Modifications:
    - target: {fileID: -6492489633470295424, guid: e5398a4f252ccbc42ba379c72d418639,
        type: 3}
      propertyPath: m_Materials.Array.data[0]
      value: 
      objectReference: {fileID: 2100000, guid: 320ba40913a15cd45abe6475e5104559, type: 2}
    - target: {fileID: -4216859302048453862, guid: e5398a4f252ccbc42ba379c72d418639,
        type: 3}
      propertyPath: m_LocalPosition.x
      value: -1.073
      objectReference: {fileID: 0}
    - target: {fileID: -4216859302048453862, guid: e5398a4f252ccbc42ba379c72d418639,
        type: 3}
      propertyPath: m_LocalPosition.y
      value: 0
      objectReference: {fileID: 0}
    - target: {fileID: -4216859302048453862, guid: e5398a4f252ccbc42ba379c72d418639,
        type: 3}
      propertyPath: m_LocalPosition.z
      value: -0.007
      objectReference: {fileID: 0}
    - target: {fileID: -4216859302048453862, guid: e5398a4f252ccbc42ba379c72d418639,
        type: 3}
      propertyPath: m_LocalRotation.x
      value: 0
      objectReference: {fileID: 0}
    - target: {fileID: -4216859302048453862, guid: e5398a4f252ccbc42ba379c72d418639,
        type: 3}
      propertyPath: m_LocalRotation.y
      value: -0
      objectReference: {fileID: 0}
    - target: {fileID: -4216859302048453862, guid: e5398a4f252ccbc42ba379c72d418639,
        type: 3}
      propertyPath: m_LocalRotation.z
      value: -0
      objectReference: {fileID: 0}
    - target: {fileID: -4216859302048453862, guid: e5398a4f252ccbc42ba379c72d418639,
        type: 3}
      propertyPath: m_LocalRotation.w
      value: 1
      objectReference: {fileID: 0}
    - target: {fileID: -4216859302048453862, guid: e5398a4f252ccbc42ba379c72d418639,
        type: 3}
      propertyPath: m_RootOrder
      value: 1
      objectReference: {fileID: 0}
    - target: {fileID: -4216859302048453862, guid: e5398a4f252ccbc42ba379c72d418639,
        type: 3}
      propertyPath: m_LocalEulerAnglesHint.x
      value: 0
      objectReference: {fileID: 0}
    - target: {fileID: -4216859302048453862, guid: e5398a4f252ccbc42ba379c72d418639,
        type: 3}
      propertyPath: m_LocalEulerAnglesHint.y
      value: 0
      objectReference: {fileID: 0}
    - target: {fileID: -4216859302048453862, guid: e5398a4f252ccbc42ba379c72d418639,
        type: 3}
      propertyPath: m_LocalEulerAnglesHint.z
      value: 0
      objectReference: {fileID: 0}
    - target: {fileID: -1504981713932161579, guid: e5398a4f252ccbc42ba379c72d418639,
        type: 3}
      propertyPath: m_Materials.Array.data[0]
      value: 
      objectReference: {fileID: 2100000, guid: 320ba40913a15cd45abe6475e5104559, type: 2}
    - target: {fileID: -927199367670048503, guid: e5398a4f252ccbc42ba379c72d418639,
        type: 3}
      propertyPath: m_Name
      value: Bouton_published (5)
      objectReference: {fileID: 0}
    m_RemovedComponents: []
  m_SourcePrefab: {fileID: 100100000, guid: e5398a4f252ccbc42ba379c72d418639, type: 3}
--- !u!1001 &1452373611
PrefabInstance:
  m_ObjectHideFlags: 0
  serializedVersion: 2
  m_Modification:
    m_TransformParent: {fileID: 0}
    m_Modifications:
    - target: {fileID: -4216859302048453862, guid: 0647fb30052a9044c9ebb2b3cdc21590,
        type: 3}
      propertyPath: m_LocalPosition.x
      value: -0.81299996
      objectReference: {fileID: 0}
    - target: {fileID: -4216859302048453862, guid: 0647fb30052a9044c9ebb2b3cdc21590,
        type: 3}
      propertyPath: m_LocalPosition.y
      value: 0
      objectReference: {fileID: 0}
    - target: {fileID: -4216859302048453862, guid: 0647fb30052a9044c9ebb2b3cdc21590,
        type: 3}
      propertyPath: m_LocalPosition.z
      value: -0.0070025325
      objectReference: {fileID: 0}
    - target: {fileID: -4216859302048453862, guid: 0647fb30052a9044c9ebb2b3cdc21590,
        type: 3}
      propertyPath: m_LocalRotation.x
      value: 0
      objectReference: {fileID: 0}
    - target: {fileID: -4216859302048453862, guid: 0647fb30052a9044c9ebb2b3cdc21590,
        type: 3}
      propertyPath: m_LocalRotation.y
      value: -0
      objectReference: {fileID: 0}
    - target: {fileID: -4216859302048453862, guid: 0647fb30052a9044c9ebb2b3cdc21590,
        type: 3}
      propertyPath: m_LocalRotation.z
      value: -0
      objectReference: {fileID: 0}
    - target: {fileID: -4216859302048453862, guid: 0647fb30052a9044c9ebb2b3cdc21590,
        type: 3}
      propertyPath: m_LocalRotation.w
      value: 1
      objectReference: {fileID: 0}
    - target: {fileID: -4216859302048453862, guid: 0647fb30052a9044c9ebb2b3cdc21590,
        type: 3}
      propertyPath: m_RootOrder
      value: 2
      objectReference: {fileID: 0}
    - target: {fileID: -4216859302048453862, guid: 0647fb30052a9044c9ebb2b3cdc21590,
        type: 3}
      propertyPath: m_LocalEulerAnglesHint.x
      value: 0
      objectReference: {fileID: 0}
    - target: {fileID: -4216859302048453862, guid: 0647fb30052a9044c9ebb2b3cdc21590,
        type: 3}
      propertyPath: m_LocalEulerAnglesHint.y
      value: 0
      objectReference: {fileID: 0}
    - target: {fileID: -4216859302048453862, guid: 0647fb30052a9044c9ebb2b3cdc21590,
        type: 3}
      propertyPath: m_LocalEulerAnglesHint.z
      value: 0
      objectReference: {fileID: 0}
    - target: {fileID: -3194699643631771839, guid: 0647fb30052a9044c9ebb2b3cdc21590,
        type: 3}
      propertyPath: m_Materials.Array.data[0]
      value: 
      objectReference: {fileID: 2100000, guid: a48190d083319ed429c12f563add1807, type: 2}
    - target: {fileID: -1504981713932161579, guid: 0647fb30052a9044c9ebb2b3cdc21590,
        type: 3}
      propertyPath: m_Materials.Array.data[0]
      value: 
      objectReference: {fileID: 2100000, guid: a48190d083319ed429c12f563add1807, type: 2}
    - target: {fileID: -927199367670048503, guid: 0647fb30052a9044c9ebb2b3cdc21590,
        type: 3}
      propertyPath: m_Name
      value: Batterie_published (5)
      objectReference: {fileID: 0}
    m_RemovedComponents: []
  m_SourcePrefab: {fileID: 100100000, guid: 0647fb30052a9044c9ebb2b3cdc21590, type: 3}
--- !u!1001 &1461312922
PrefabInstance:
  m_ObjectHideFlags: 0
  serializedVersion: 2
  m_Modification:
    m_TransformParent: {fileID: 0}
    m_Modifications:
    - target: {fileID: -4216859302048453862, guid: 55bf3ac2485c3f940ad51451979fc8a3,
        type: 3}
      propertyPath: m_LocalPosition.x
      value: -1.785
      objectReference: {fileID: 0}
    - target: {fileID: -4216859302048453862, guid: 55bf3ac2485c3f940ad51451979fc8a3,
        type: 3}
      propertyPath: m_LocalPosition.y
      value: 0.002278133
      objectReference: {fileID: 0}
    - target: {fileID: -4216859302048453862, guid: 55bf3ac2485c3f940ad51451979fc8a3,
        type: 3}
      propertyPath: m_LocalPosition.z
      value: 0.6499975
      objectReference: {fileID: 0}
    - target: {fileID: -4216859302048453862, guid: 55bf3ac2485c3f940ad51451979fc8a3,
        type: 3}
      propertyPath: m_LocalRotation.x
      value: 0
      objectReference: {fileID: 0}
    - target: {fileID: -4216859302048453862, guid: 55bf3ac2485c3f940ad51451979fc8a3,
        type: 3}
      propertyPath: m_LocalRotation.y
      value: -0
      objectReference: {fileID: 0}
    - target: {fileID: -4216859302048453862, guid: 55bf3ac2485c3f940ad51451979fc8a3,
        type: 3}
      propertyPath: m_LocalRotation.z
      value: -0
      objectReference: {fileID: 0}
    - target: {fileID: -4216859302048453862, guid: 55bf3ac2485c3f940ad51451979fc8a3,
        type: 3}
      propertyPath: m_LocalRotation.w
      value: 1
      objectReference: {fileID: 0}
    - target: {fileID: -4216859302048453862, guid: 55bf3ac2485c3f940ad51451979fc8a3,
        type: 3}
      propertyPath: m_RootOrder
      value: 17
      objectReference: {fileID: 0}
    - target: {fileID: -4216859302048453862, guid: 55bf3ac2485c3f940ad51451979fc8a3,
        type: 3}
      propertyPath: m_LocalEulerAnglesHint.x
      value: 0
      objectReference: {fileID: 0}
    - target: {fileID: -4216859302048453862, guid: 55bf3ac2485c3f940ad51451979fc8a3,
        type: 3}
      propertyPath: m_LocalEulerAnglesHint.y
      value: 0
      objectReference: {fileID: 0}
    - target: {fileID: -4216859302048453862, guid: 55bf3ac2485c3f940ad51451979fc8a3,
        type: 3}
      propertyPath: m_LocalEulerAnglesHint.z
      value: 0
      objectReference: {fileID: 0}
    - target: {fileID: -1504981713932161579, guid: 55bf3ac2485c3f940ad51451979fc8a3,
        type: 3}
      propertyPath: m_Materials.Array.data[0]
      value: 
      objectReference: {fileID: 2100000, guid: 902b3d4156930d04ea140085a6b3f6d8, type: 2}
    - target: {fileID: -927199367670048503, guid: 55bf3ac2485c3f940ad51451979fc8a3,
        type: 3}
      propertyPath: m_Name
      value: Scanner_published (1)
      objectReference: {fileID: 0}
    m_RemovedComponents: []
  m_SourcePrefab: {fileID: 100100000, guid: 55bf3ac2485c3f940ad51451979fc8a3, type: 3}
--- !u!1001 &1508766332
PrefabInstance:
  m_ObjectHideFlags: 0
  serializedVersion: 2
  m_Modification:
    m_TransformParent: {fileID: 0}
    m_Modifications:
    - target: {fileID: -4554010142084838754, guid: 8a497abd2e08a234d8a383f1c8353e9a,
        type: 3}
      propertyPath: m_Materials.Array.data[0]
      value: 
      objectReference: {fileID: 2100000, guid: fb365a9dacb84aa4dab5e49aa7952298, type: 2}
    - target: {fileID: -4216859302048453862, guid: 8a497abd2e08a234d8a383f1c8353e9a,
        type: 3}
      propertyPath: m_LocalPosition.x
      value: -1.328
      objectReference: {fileID: 0}
    - target: {fileID: -4216859302048453862, guid: 8a497abd2e08a234d8a383f1c8353e9a,
        type: 3}
      propertyPath: m_LocalPosition.y
      value: 0
      objectReference: {fileID: 0}
    - target: {fileID: -4216859302048453862, guid: 8a497abd2e08a234d8a383f1c8353e9a,
        type: 3}
      propertyPath: m_LocalPosition.z
      value: 0.649998
      objectReference: {fileID: 0}
    - target: {fileID: -4216859302048453862, guid: 8a497abd2e08a234d8a383f1c8353e9a,
        type: 3}
      propertyPath: m_LocalRotation.x
      value: 0
      objectReference: {fileID: 0}
    - target: {fileID: -4216859302048453862, guid: 8a497abd2e08a234d8a383f1c8353e9a,
        type: 3}
      propertyPath: m_LocalRotation.y
      value: -0
      objectReference: {fileID: 0}
    - target: {fileID: -4216859302048453862, guid: 8a497abd2e08a234d8a383f1c8353e9a,
        type: 3}
      propertyPath: m_LocalRotation.z
      value: -0
      objectReference: {fileID: 0}
    - target: {fileID: -4216859302048453862, guid: 8a497abd2e08a234d8a383f1c8353e9a,
        type: 3}
      propertyPath: m_LocalRotation.w
      value: 1
      objectReference: {fileID: 0}
    - target: {fileID: -4216859302048453862, guid: 8a497abd2e08a234d8a383f1c8353e9a,
        type: 3}
      propertyPath: m_RootOrder
      value: 15
      objectReference: {fileID: 0}
    - target: {fileID: -4216859302048453862, guid: 8a497abd2e08a234d8a383f1c8353e9a,
        type: 3}
      propertyPath: m_LocalEulerAnglesHint.x
      value: 0
      objectReference: {fileID: 0}
    - target: {fileID: -4216859302048453862, guid: 8a497abd2e08a234d8a383f1c8353e9a,
        type: 3}
      propertyPath: m_LocalEulerAnglesHint.y
      value: 0
      objectReference: {fileID: 0}
    - target: {fileID: -4216859302048453862, guid: 8a497abd2e08a234d8a383f1c8353e9a,
        type: 3}
      propertyPath: m_LocalEulerAnglesHint.z
      value: 0
      objectReference: {fileID: 0}
    - target: {fileID: -1504981713932161579, guid: 8a497abd2e08a234d8a383f1c8353e9a,
        type: 3}
      propertyPath: m_Materials.Array.data[0]
      value: 
      objectReference: {fileID: 2100000, guid: fb365a9dacb84aa4dab5e49aa7952298, type: 2}
    - target: {fileID: -927199367670048503, guid: 8a497abd2e08a234d8a383f1c8353e9a,
        type: 3}
      propertyPath: m_Name
      value: Levier_published (1)
      objectReference: {fileID: 0}
    m_RemovedComponents: []
  m_SourcePrefab: {fileID: 100100000, guid: 8a497abd2e08a234d8a383f1c8353e9a, type: 3}
--- !u!1 &1619399285
GameObject:
  m_ObjectHideFlags: 0
  m_CorrespondingSourceObject: {fileID: 0}
  m_PrefabInstance: {fileID: 0}
  m_PrefabAsset: {fileID: 0}
  serializedVersion: 6
  m_Component:
  - component: {fileID: 1619399287}
  - component: {fileID: 1619399286}
  m_Layer: 0
  m_Name: Directional Light
  m_TagString: Untagged
  m_Icon: {fileID: 0}
  m_NavMeshLayer: 0
  m_StaticEditorFlags: 0
  m_IsActive: 1
--- !u!108 &1619399286
Light:
  m_ObjectHideFlags: 0
  m_CorrespondingSourceObject: {fileID: 0}
  m_PrefabInstance: {fileID: 0}
  m_PrefabAsset: {fileID: 0}
  m_GameObject: {fileID: 1619399285}
  m_Enabled: 1
  serializedVersion: 10
  m_Type: 1
  m_Shape: 0
  m_Color: {r: 1, g: 0.95686275, b: 0.8392157, a: 1}
  m_Intensity: 1
  m_Range: 10
  m_SpotAngle: 30
  m_InnerSpotAngle: 21.80208
  m_CookieSize: 10
  m_Shadows:
    m_Type: 2
    m_Resolution: -1
    m_CustomResolution: -1
    m_Strength: 1
    m_Bias: 0.05
    m_NormalBias: 0.4
    m_NearPlane: 0.2
    m_CullingMatrixOverride:
      e00: 1
      e01: 0
      e02: 0
      e03: 0
      e10: 0
      e11: 1
      e12: 0
      e13: 0
      e20: 0
      e21: 0
      e22: 1
      e23: 0
      e30: 0
      e31: 0
      e32: 0
      e33: 1
    m_UseCullingMatrixOverride: 0
  m_Cookie: {fileID: 0}
  m_DrawHalo: 0
  m_Flare: {fileID: 0}
  m_RenderMode: 0
  m_CullingMask:
    serializedVersion: 2
    m_Bits: 4294967295
  m_RenderingLayerMask: 1
  m_Lightmapping: 4
  m_LightShadowCasterMode: 0
  m_AreaSize: {x: 1, y: 1}
  m_BounceIntensity: 1
  m_ColorTemperature: 6570
  m_UseColorTemperature: 0
  m_BoundingSphereOverride: {x: 0, y: 0, z: 0, w: 0}
  m_UseBoundingSphereOverride: 0
  m_ShadowRadius: 0
  m_ShadowAngle: 0
--- !u!4 &1619399287
Transform:
  m_ObjectHideFlags: 0
  m_CorrespondingSourceObject: {fileID: 0}
  m_PrefabInstance: {fileID: 0}
  m_PrefabAsset: {fileID: 0}
  m_GameObject: {fileID: 1619399285}
  m_LocalRotation: {x: 0.25816, y: -0.9135073, z: 0.23789187, w: 0.20558569}
  m_LocalPosition: {x: 0, y: 3, z: 0}
  m_LocalScale: {x: 1, y: 1, z: 1}
  m_Children: []
  m_Father: {fileID: 0}
  m_RootOrder: 18
  m_LocalEulerAnglesHint: {x: 32.737003, y: -162.51201, z: -26.388}
--- !u!1001 &1629314677
PrefabInstance:
  m_ObjectHideFlags: 0
  serializedVersion: 2
  m_Modification:
    m_TransformParent: {fileID: 0}
    m_Modifications:
    - target: {fileID: -4216859302048453862, guid: 0647fb30052a9044c9ebb2b3cdc21590,
        type: 3}
      propertyPath: m_LocalPosition.x
      value: -0.81299996
      objectReference: {fileID: 0}
    - target: {fileID: -4216859302048453862, guid: 0647fb30052a9044c9ebb2b3cdc21590,
        type: 3}
      propertyPath: m_LocalPosition.y
      value: 0
      objectReference: {fileID: 0}
    - target: {fileID: -4216859302048453862, guid: 0647fb30052a9044c9ebb2b3cdc21590,
        type: 3}
      propertyPath: m_LocalPosition.z
      value: 1.371
      objectReference: {fileID: 0}
    - target: {fileID: -4216859302048453862, guid: 0647fb30052a9044c9ebb2b3cdc21590,
        type: 3}
      propertyPath: m_LocalRotation.x
      value: 0
      objectReference: {fileID: 0}
    - target: {fileID: -4216859302048453862, guid: 0647fb30052a9044c9ebb2b3cdc21590,
        type: 3}
      propertyPath: m_LocalRotation.y
      value: -0
      objectReference: {fileID: 0}
    - target: {fileID: -4216859302048453862, guid: 0647fb30052a9044c9ebb2b3cdc21590,
        type: 3}
      propertyPath: m_LocalRotation.z
      value: -0
      objectReference: {fileID: 0}
    - target: {fileID: -4216859302048453862, guid: 0647fb30052a9044c9ebb2b3cdc21590,
        type: 3}
      propertyPath: m_LocalRotation.w
      value: 1
      objectReference: {fileID: 0}
    - target: {fileID: -4216859302048453862, guid: 0647fb30052a9044c9ebb2b3cdc21590,
        type: 3}
      propertyPath: m_RootOrder
      value: 9
      objectReference: {fileID: 0}
    - target: {fileID: -4216859302048453862, guid: 0647fb30052a9044c9ebb2b3cdc21590,
        type: 3}
      propertyPath: m_LocalEulerAnglesHint.x
      value: 0
      objectReference: {fileID: 0}
    - target: {fileID: -4216859302048453862, guid: 0647fb30052a9044c9ebb2b3cdc21590,
        type: 3}
      propertyPath: m_LocalEulerAnglesHint.y
      value: 0
      objectReference: {fileID: 0}
    - target: {fileID: -4216859302048453862, guid: 0647fb30052a9044c9ebb2b3cdc21590,
        type: 3}
      propertyPath: m_LocalEulerAnglesHint.z
      value: 0
      objectReference: {fileID: 0}
    - target: {fileID: -3194699643631771839, guid: 0647fb30052a9044c9ebb2b3cdc21590,
        type: 3}
      propertyPath: m_Materials.Array.data[0]
      value: 
      objectReference: {fileID: 2100000, guid: d39cedcd919be9149b0124f60a06d6be, type: 2}
    - target: {fileID: -1504981713932161579, guid: 0647fb30052a9044c9ebb2b3cdc21590,
        type: 3}
      propertyPath: m_Materials.Array.data[0]
      value: 
      objectReference: {fileID: 2100000, guid: d39cedcd919be9149b0124f60a06d6be, type: 2}
    - target: {fileID: -927199367670048503, guid: 0647fb30052a9044c9ebb2b3cdc21590,
        type: 3}
      propertyPath: m_Name
      value: Batterie_published (3)
      objectReference: {fileID: 0}
    m_RemovedComponents: []
  m_SourcePrefab: {fileID: 100100000, guid: 0647fb30052a9044c9ebb2b3cdc21590, type: 3}
--- !u!1001 &1674377476
PrefabInstance:
  m_ObjectHideFlags: 0
  serializedVersion: 2
  m_Modification:
    m_TransformParent: {fileID: 0}
    m_Modifications:
    - target: {fileID: -6492489633470295424, guid: e5398a4f252ccbc42ba379c72d418639,
        type: 3}
      propertyPath: m_Materials.Array.data[0]
      value: 
      objectReference: {fileID: 2100000, guid: d85b1f4f009014f45a8b068bbbe5f55d, type: 2}
    - target: {fileID: -4216859302048453862, guid: e5398a4f252ccbc42ba379c72d418639,
        type: 3}
      propertyPath: m_LocalPosition.x
      value: -1.073
      objectReference: {fileID: 0}
    - target: {fileID: -4216859302048453862, guid: e5398a4f252ccbc42ba379c72d418639,
        type: 3}
      propertyPath: m_LocalPosition.y
      value: 0
      objectReference: {fileID: 0}
    - target: {fileID: -4216859302048453862, guid: e5398a4f252ccbc42ba379c72d418639,
        type: 3}
      propertyPath: m_LocalPosition.z
      value: 1.04
      objectReference: {fileID: 0}
    - target: {fileID: -4216859302048453862, guid: e5398a4f252ccbc42ba379c72d418639,
        type: 3}
      propertyPath: m_LocalRotation.x
      value: 0
      objectReference: {fileID: 0}
    - target: {fileID: -4216859302048453862, guid: e5398a4f252ccbc42ba379c72d418639,
        type: 3}
      propertyPath: m_LocalRotation.y
      value: -0
      objectReference: {fileID: 0}
    - target: {fileID: -4216859302048453862, guid: e5398a4f252ccbc42ba379c72d418639,
        type: 3}
      propertyPath: m_LocalRotation.z
      value: -0
      objectReference: {fileID: 0}
    - target: {fileID: -4216859302048453862, guid: e5398a4f252ccbc42ba379c72d418639,
        type: 3}
      propertyPath: m_LocalRotation.w
      value: 1
      objectReference: {fileID: 0}
    - target: {fileID: -4216859302048453862, guid: e5398a4f252ccbc42ba379c72d418639,
        type: 3}
      propertyPath: m_RootOrder
      value: 12
      objectReference: {fileID: 0}
    - target: {fileID: -4216859302048453862, guid: e5398a4f252ccbc42ba379c72d418639,
        type: 3}
      propertyPath: m_LocalEulerAnglesHint.x
      value: 0
      objectReference: {fileID: 0}
    - target: {fileID: -4216859302048453862, guid: e5398a4f252ccbc42ba379c72d418639,
        type: 3}
      propertyPath: m_LocalEulerAnglesHint.y
      value: 0
      objectReference: {fileID: 0}
    - target: {fileID: -4216859302048453862, guid: e5398a4f252ccbc42ba379c72d418639,
        type: 3}
      propertyPath: m_LocalEulerAnglesHint.z
      value: 0
      objectReference: {fileID: 0}
    - target: {fileID: -1504981713932161579, guid: e5398a4f252ccbc42ba379c72d418639,
        type: 3}
      propertyPath: m_Materials.Array.data[0]
      value: 
      objectReference: {fileID: 2100000, guid: d85b1f4f009014f45a8b068bbbe5f55d, type: 2}
    - target: {fileID: -927199367670048503, guid: e5398a4f252ccbc42ba379c72d418639,
        type: 3}
      propertyPath: m_Name
      value: Bouton_published (2)
      objectReference: {fileID: 0}
    - target: {fileID: -927199367670048503, guid: e5398a4f252ccbc42ba379c72d418639,
        type: 3}
      propertyPath: m_IsActive
      value: 1
      objectReference: {fileID: 0}
    - target: {fileID: 2560803158833831139, guid: e5398a4f252ccbc42ba379c72d418639,
        type: 3}
      propertyPath: m_IsActive
      value: 1
      objectReference: {fileID: 0}
    m_RemovedComponents: []
  m_SourcePrefab: {fileID: 100100000, guid: e5398a4f252ccbc42ba379c72d418639, type: 3}
--- !u!1001 &1675291616
PrefabInstance:
  m_ObjectHideFlags: 0
  serializedVersion: 2
  m_Modification:
    m_TransformParent: {fileID: 0}
    m_Modifications:
    - target: {fileID: -4216859302048453862, guid: 55bf3ac2485c3f940ad51451979fc8a3,
        type: 3}
      propertyPath: m_LocalPosition.x
      value: -1.785
      objectReference: {fileID: 0}
    - target: {fileID: -4216859302048453862, guid: 55bf3ac2485c3f940ad51451979fc8a3,
        type: 3}
      propertyPath: m_LocalPosition.y
      value: 0.002278133
      objectReference: {fileID: 0}
    - target: {fileID: -4216859302048453862, guid: 55bf3ac2485c3f940ad51451979fc8a3,
        type: 3}
      propertyPath: m_LocalPosition.z
      value: 1.371
      objectReference: {fileID: 0}
    - target: {fileID: -4216859302048453862, guid: 55bf3ac2485c3f940ad51451979fc8a3,
        type: 3}
      propertyPath: m_LocalRotation.x
      value: 0
      objectReference: {fileID: 0}
    - target: {fileID: -4216859302048453862, guid: 55bf3ac2485c3f940ad51451979fc8a3,
        type: 3}
      propertyPath: m_LocalRotation.y
      value: -0
      objectReference: {fileID: 0}
    - target: {fileID: -4216859302048453862, guid: 55bf3ac2485c3f940ad51451979fc8a3,
        type: 3}
      propertyPath: m_LocalRotation.z
      value: -0
      objectReference: {fileID: 0}
    - target: {fileID: -4216859302048453862, guid: 55bf3ac2485c3f940ad51451979fc8a3,
        type: 3}
      propertyPath: m_LocalRotation.w
      value: 1
      objectReference: {fileID: 0}
    - target: {fileID: -4216859302048453862, guid: 55bf3ac2485c3f940ad51451979fc8a3,
        type: 3}
      propertyPath: m_RootOrder
      value: 8
      objectReference: {fileID: 0}
    - target: {fileID: -4216859302048453862, guid: 55bf3ac2485c3f940ad51451979fc8a3,
        type: 3}
      propertyPath: m_LocalEulerAnglesHint.x
      value: 0
      objectReference: {fileID: 0}
    - target: {fileID: -4216859302048453862, guid: 55bf3ac2485c3f940ad51451979fc8a3,
        type: 3}
      propertyPath: m_LocalEulerAnglesHint.y
      value: 0
      objectReference: {fileID: 0}
    - target: {fileID: -4216859302048453862, guid: 55bf3ac2485c3f940ad51451979fc8a3,
        type: 3}
      propertyPath: m_LocalEulerAnglesHint.z
      value: 0
      objectReference: {fileID: 0}
    - target: {fileID: -1504981713932161579, guid: 55bf3ac2485c3f940ad51451979fc8a3,
        type: 3}
      propertyPath: m_Materials.Array.data[0]
      value: 
      objectReference: {fileID: 2100000, guid: e1c49dee415ecd1438e8137ab386f14c, type: 2}
    - target: {fileID: -927199367670048503, guid: 55bf3ac2485c3f940ad51451979fc8a3,
        type: 3}
      propertyPath: m_Name
      value: Scanner_published (3)
      objectReference: {fileID: 0}
    m_RemovedComponents: []
  m_SourcePrefab: {fileID: 100100000, guid: 55bf3ac2485c3f940ad51451979fc8a3, type: 3}
--- !u!1001 &1876968976
PrefabInstance:
  m_ObjectHideFlags: 0
  serializedVersion: 2
  m_Modification:
    m_TransformParent: {fileID: 0}
    m_Modifications:
    - target: {fileID: -4216859302048453862, guid: bbba6267b3fe8434b8bf6cb2ba5ac4ad,
        type: 3}
      propertyPath: m_LocalPosition.x
      value: -2.589
      objectReference: {fileID: 0}
    - target: {fileID: -4216859302048453862, guid: bbba6267b3fe8434b8bf6cb2ba5ac4ad,
        type: 3}
      propertyPath: m_LocalPosition.y
      value: 0
      objectReference: {fileID: 0}
    - target: {fileID: -4216859302048453862, guid: bbba6267b3fe8434b8bf6cb2ba5ac4ad,
        type: 3}
      propertyPath: m_LocalPosition.z
      value: 0
      objectReference: {fileID: 0}
    - target: {fileID: -4216859302048453862, guid: bbba6267b3fe8434b8bf6cb2ba5ac4ad,
        type: 3}
      propertyPath: m_LocalRotation.x
      value: 0
      objectReference: {fileID: 0}
    - target: {fileID: -4216859302048453862, guid: bbba6267b3fe8434b8bf6cb2ba5ac4ad,
        type: 3}
      propertyPath: m_LocalRotation.y
      value: -0
      objectReference: {fileID: 0}
    - target: {fileID: -4216859302048453862, guid: bbba6267b3fe8434b8bf6cb2ba5ac4ad,
        type: 3}
      propertyPath: m_LocalRotation.z
      value: -0
      objectReference: {fileID: 0}
    - target: {fileID: -4216859302048453862, guid: bbba6267b3fe8434b8bf6cb2ba5ac4ad,
        type: 3}
      propertyPath: m_LocalRotation.w
      value: 1
      objectReference: {fileID: 0}
    - target: {fileID: -4216859302048453862, guid: bbba6267b3fe8434b8bf6cb2ba5ac4ad,
        type: 3}
      propertyPath: m_RootOrder
      value: 21
      objectReference: {fileID: 0}
    - target: {fileID: -4216859302048453862, guid: bbba6267b3fe8434b8bf6cb2ba5ac4ad,
        type: 3}
      propertyPath: m_LocalEulerAnglesHint.x
      value: 0
      objectReference: {fileID: 0}
    - target: {fileID: -4216859302048453862, guid: bbba6267b3fe8434b8bf6cb2ba5ac4ad,
        type: 3}
      propertyPath: m_LocalEulerAnglesHint.y
      value: 0
      objectReference: {fileID: 0}
    - target: {fileID: -4216859302048453862, guid: bbba6267b3fe8434b8bf6cb2ba5ac4ad,
        type: 3}
      propertyPath: m_LocalEulerAnglesHint.z
      value: 0
      objectReference: {fileID: 0}
    - target: {fileID: -1504981713932161579, guid: bbba6267b3fe8434b8bf6cb2ba5ac4ad,
        type: 3}
      propertyPath: m_Materials.Array.data[0]
      value: 
      objectReference: {fileID: 2100000, guid: d8723dd3d3a69e541ad2ff04fa1876fb, type: 2}
    - target: {fileID: -927199367670048503, guid: bbba6267b3fe8434b8bf6cb2ba5ac4ad,
        type: 3}
      propertyPath: m_Name
      value: caisse_v2
      objectReference: {fileID: 0}
    m_RemovedComponents: []
  m_SourcePrefab: {fileID: 100100000, guid: bbba6267b3fe8434b8bf6cb2ba5ac4ad, type: 3}
--- !u!1001 &1881624274
PrefabInstance:
  m_ObjectHideFlags: 0
  serializedVersion: 2
  m_Modification:
    m_TransformParent: {fileID: 0}
    m_Modifications:
    - target: {fileID: -4216859302048453862, guid: 09553657d1732a645ba9a692464ac0cd,
        type: 3}
      propertyPath: m_LocalPosition.x
      value: -2.294
      objectReference: {fileID: 0}
    - target: {fileID: -4216859302048453862, guid: 09553657d1732a645ba9a692464ac0cd,
        type: 3}
      propertyPath: m_LocalPosition.y
      value: -0.003
      objectReference: {fileID: 0}
    - target: {fileID: -4216859302048453862, guid: 09553657d1732a645ba9a692464ac0cd,
        type: 3}
      propertyPath: m_LocalPosition.z
      value: 0
      objectReference: {fileID: 0}
    - target: {fileID: -4216859302048453862, guid: 09553657d1732a645ba9a692464ac0cd,
        type: 3}
      propertyPath: m_LocalRotation.x
      value: 0
      objectReference: {fileID: 0}
    - target: {fileID: -4216859302048453862, guid: 09553657d1732a645ba9a692464ac0cd,
        type: 3}
      propertyPath: m_LocalRotation.y
      value: 0
      objectReference: {fileID: 0}
    - target: {fileID: -4216859302048453862, guid: 09553657d1732a645ba9a692464ac0cd,
        type: 3}
      propertyPath: m_LocalRotation.z
      value: 0
      objectReference: {fileID: 0}
    - target: {fileID: -4216859302048453862, guid: 09553657d1732a645ba9a692464ac0cd,
        type: 3}
      propertyPath: m_LocalRotation.w
      value: 1
      objectReference: {fileID: 0}
    - target: {fileID: -4216859302048453862, guid: 09553657d1732a645ba9a692464ac0cd,
        type: 3}
      propertyPath: m_RootOrder
      value: 25
      objectReference: {fileID: 0}
    - target: {fileID: -4216859302048453862, guid: 09553657d1732a645ba9a692464ac0cd,
        type: 3}
      propertyPath: m_LocalEulerAnglesHint.x
      value: 0
      objectReference: {fileID: 0}
    - target: {fileID: -4216859302048453862, guid: 09553657d1732a645ba9a692464ac0cd,
        type: 3}
      propertyPath: m_LocalEulerAnglesHint.y
      value: 0
      objectReference: {fileID: 0}
    - target: {fileID: -4216859302048453862, guid: 09553657d1732a645ba9a692464ac0cd,
        type: 3}
      propertyPath: m_LocalEulerAnglesHint.z
      value: 0
      objectReference: {fileID: 0}
    - target: {fileID: -927199367670048503, guid: 09553657d1732a645ba9a692464ac0cd,
        type: 3}
      propertyPath: m_Name
      value: Poignee
      objectReference: {fileID: 0}
    - target: {fileID: 2278278674448922305, guid: 09553657d1732a645ba9a692464ac0cd,
        type: 3}
      propertyPath: m_Materials.Array.data[0]
      value: 
      objectReference: {fileID: 2100000, guid: 0334f126acd950d4f89570092db61c33, type: 2}
    m_RemovedComponents: []
  m_SourcePrefab: {fileID: 100100000, guid: 09553657d1732a645ba9a692464ac0cd, type: 3}
--- !u!1001 &1895444727
PrefabInstance:
  m_ObjectHideFlags: 0
  serializedVersion: 2
  m_Modification:
    m_TransformParent: {fileID: 0}
    m_Modifications:
    - target: {fileID: -4216859302048453862, guid: ec18b9d82d4be684c94cca76fcdfeecb,
        type: 3}
      propertyPath: m_LocalPosition.x
      value: -1.967
      objectReference: {fileID: 0}
    - target: {fileID: -4216859302048453862, guid: ec18b9d82d4be684c94cca76fcdfeecb,
        type: 3}
      propertyPath: m_LocalPosition.y
      value: 0.0000031692757
      objectReference: {fileID: 0}
    - target: {fileID: -4216859302048453862, guid: ec18b9d82d4be684c94cca76fcdfeecb,
        type: 3}
      propertyPath: m_LocalPosition.z
      value: 0.0000012720915
      objectReference: {fileID: 0}
    - target: {fileID: -4216859302048453862, guid: ec18b9d82d4be684c94cca76fcdfeecb,
        type: 3}
      propertyPath: m_LocalRotation.x
      value: 0
      objectReference: {fileID: 0}
    - target: {fileID: -4216859302048453862, guid: ec18b9d82d4be684c94cca76fcdfeecb,
        type: 3}
      propertyPath: m_LocalRotation.y
      value: -0
      objectReference: {fileID: 0}
    - target: {fileID: -4216859302048453862, guid: ec18b9d82d4be684c94cca76fcdfeecb,
        type: 3}
      propertyPath: m_LocalRotation.z
      value: -0
      objectReference: {fileID: 0}
    - target: {fileID: -4216859302048453862, guid: ec18b9d82d4be684c94cca76fcdfeecb,
        type: 3}
      propertyPath: m_LocalRotation.w
      value: 1
      objectReference: {fileID: 0}
    - target: {fileID: -4216859302048453862, guid: ec18b9d82d4be684c94cca76fcdfeecb,
        type: 3}
      propertyPath: m_RootOrder
      value: 26
      objectReference: {fileID: 0}
    - target: {fileID: -4216859302048453862, guid: ec18b9d82d4be684c94cca76fcdfeecb,
        type: 3}
      propertyPath: m_LocalEulerAnglesHint.x
      value: 0
      objectReference: {fileID: 0}
    - target: {fileID: -4216859302048453862, guid: ec18b9d82d4be684c94cca76fcdfeecb,
        type: 3}
      propertyPath: m_LocalEulerAnglesHint.y
      value: 0
      objectReference: {fileID: 0}
    - target: {fileID: -4216859302048453862, guid: ec18b9d82d4be684c94cca76fcdfeecb,
        type: 3}
      propertyPath: m_LocalEulerAnglesHint.z
      value: 0
      objectReference: {fileID: 0}
    - target: {fileID: -1504981713932161579, guid: ec18b9d82d4be684c94cca76fcdfeecb,
        type: 3}
      propertyPath: m_Materials.Array.data[0]
      value: 
      objectReference: {fileID: 2100000, guid: 4bd717ae35887d541b3f55b7d5367e00, type: 2}
    - target: {fileID: -1043123955778730730, guid: ec18b9d82d4be684c94cca76fcdfeecb,
        type: 3}
      propertyPath: m_Materials.Array.data[0]
      value: 
      objectReference: {fileID: 2100000, guid: 4bd717ae35887d541b3f55b7d5367e00, type: 2}
    - target: {fileID: -927199367670048503, guid: ec18b9d82d4be684c94cca76fcdfeecb,
        type: 3}
      propertyPath: m_Name
      value: Valve_published
      objectReference: {fileID: 0}
    m_RemovedComponents: []
  m_SourcePrefab: {fileID: 100100000, guid: ec18b9d82d4be684c94cca76fcdfeecb, type: 3}
--- !u!1001 &1966058166
PrefabInstance:
  m_ObjectHideFlags: 0
  serializedVersion: 2
  m_Modification:
    m_TransformParent: {fileID: 0}
    m_Modifications:
    - target: {fileID: -4216859302048453862, guid: 0c4378e0d7eac8a4fb48e92a51263a8d,
        type: 3}
      propertyPath: m_LocalPosition.x
      value: -1.5589999
      objectReference: {fileID: 0}
    - target: {fileID: -4216859302048453862, guid: 0c4378e0d7eac8a4fb48e92a51263a8d,
        type: 3}
      propertyPath: m_LocalPosition.y
      value: 0
      objectReference: {fileID: 0}
    - target: {fileID: -4216859302048453862, guid: 0c4378e0d7eac8a4fb48e92a51263a8d,
        type: 3}
      propertyPath: m_LocalPosition.z
      value: 0.6499879
      objectReference: {fileID: 0}
    - target: {fileID: -4216859302048453862, guid: 0c4378e0d7eac8a4fb48e92a51263a8d,
        type: 3}
      propertyPath: m_LocalRotation.x
      value: 0
      objectReference: {fileID: 0}
    - target: {fileID: -4216859302048453862, guid: 0c4378e0d7eac8a4fb48e92a51263a8d,
        type: 3}
      propertyPath: m_LocalRotation.y
      value: -0
      objectReference: {fileID: 0}
    - target: {fileID: -4216859302048453862, guid: 0c4378e0d7eac8a4fb48e92a51263a8d,
        type: 3}
      propertyPath: m_LocalRotation.z
      value: -0
      objectReference: {fileID: 0}
    - target: {fileID: -4216859302048453862, guid: 0c4378e0d7eac8a4fb48e92a51263a8d,
        type: 3}
      propertyPath: m_LocalRotation.w
      value: 1
      objectReference: {fileID: 0}
    - target: {fileID: -4216859302048453862, guid: 0c4378e0d7eac8a4fb48e92a51263a8d,
        type: 3}
      propertyPath: m_RootOrder
      value: 16
      objectReference: {fileID: 0}
    - target: {fileID: -4216859302048453862, guid: 0c4378e0d7eac8a4fb48e92a51263a8d,
        type: 3}
      propertyPath: m_LocalEulerAnglesHint.x
      value: 0
      objectReference: {fileID: 0}
    - target: {fileID: -4216859302048453862, guid: 0c4378e0d7eac8a4fb48e92a51263a8d,
        type: 3}
      propertyPath: m_LocalEulerAnglesHint.y
      value: 0
      objectReference: {fileID: 0}
    - target: {fileID: -4216859302048453862, guid: 0c4378e0d7eac8a4fb48e92a51263a8d,
        type: 3}
      propertyPath: m_LocalEulerAnglesHint.z
      value: 0
      objectReference: {fileID: 0}
    - target: {fileID: -1504981713932161579, guid: 0c4378e0d7eac8a4fb48e92a51263a8d,
        type: 3}
      propertyPath: m_Materials.Array.data[0]
      value: 
      objectReference: {fileID: 2100000, guid: 31e8e728b754fe647aa366c81ca76cb0, type: 2}
    - target: {fileID: -927199367670048503, guid: 0c4378e0d7eac8a4fb48e92a51263a8d,
        type: 3}
      propertyPath: m_Name
      value: Molette_published (1)
      objectReference: {fileID: 0}
    - target: {fileID: 5070122933657362429, guid: 0c4378e0d7eac8a4fb48e92a51263a8d,
        type: 3}
      propertyPath: m_Materials.Array.data[0]
      value: 
      objectReference: {fileID: 2100000, guid: 31e8e728b754fe647aa366c81ca76cb0, type: 2}
    m_RemovedComponents: []
  m_SourcePrefab: {fileID: 100100000, guid: 0c4378e0d7eac8a4fb48e92a51263a8d, type: 3}
--- !u!1001 &2014250205
PrefabInstance:
  m_ObjectHideFlags: 0
  serializedVersion: 2
  m_Modification:
    m_TransformParent: {fileID: 0}
    m_Modifications:
    - target: {fileID: -4216859302048453862, guid: 0c4378e0d7eac8a4fb48e92a51263a8d,
        type: 3}
      propertyPath: m_LocalPosition.x
      value: -1.5589999
      objectReference: {fileID: 0}
    - target: {fileID: -4216859302048453862, guid: 0c4378e0d7eac8a4fb48e92a51263a8d,
        type: 3}
      propertyPath: m_LocalPosition.y
      value: 0
      objectReference: {fileID: 0}
    - target: {fileID: -4216859302048453862, guid: 0c4378e0d7eac8a4fb48e92a51263a8d,
        type: 3}
      propertyPath: m_LocalPosition.z
      value: 1.0399878
      objectReference: {fileID: 0}
    - target: {fileID: -4216859302048453862, guid: 0c4378e0d7eac8a4fb48e92a51263a8d,
        type: 3}
      propertyPath: m_LocalRotation.x
      value: 0
      objectReference: {fileID: 0}
    - target: {fileID: -4216859302048453862, guid: 0c4378e0d7eac8a4fb48e92a51263a8d,
        type: 3}
      propertyPath: m_LocalRotation.y
      value: -0
      objectReference: {fileID: 0}
    - target: {fileID: -4216859302048453862, guid: 0c4378e0d7eac8a4fb48e92a51263a8d,
        type: 3}
      propertyPath: m_LocalRotation.z
      value: -0
      objectReference: {fileID: 0}
    - target: {fileID: -4216859302048453862, guid: 0c4378e0d7eac8a4fb48e92a51263a8d,
        type: 3}
      propertyPath: m_LocalRotation.w
      value: 1
      objectReference: {fileID: 0}
    - target: {fileID: -4216859302048453862, guid: 0c4378e0d7eac8a4fb48e92a51263a8d,
        type: 3}
      propertyPath: m_RootOrder
      value: 13
      objectReference: {fileID: 0}
    - target: {fileID: -4216859302048453862, guid: 0c4378e0d7eac8a4fb48e92a51263a8d,
        type: 3}
      propertyPath: m_LocalEulerAnglesHint.x
      value: 0
      objectReference: {fileID: 0}
    - target: {fileID: -4216859302048453862, guid: 0c4378e0d7eac8a4fb48e92a51263a8d,
        type: 3}
      propertyPath: m_LocalEulerAnglesHint.y
      value: 0
      objectReference: {fileID: 0}
    - target: {fileID: -4216859302048453862, guid: 0c4378e0d7eac8a4fb48e92a51263a8d,
        type: 3}
      propertyPath: m_LocalEulerAnglesHint.z
      value: 0
      objectReference: {fileID: 0}
    - target: {fileID: -1504981713932161579, guid: 0c4378e0d7eac8a4fb48e92a51263a8d,
        type: 3}
      propertyPath: m_Materials.Array.data[0]
      value: 
      objectReference: {fileID: 2100000, guid: 2044375a74a22fc49ab35b8e7ce88002, type: 2}
    - target: {fileID: -927199367670048503, guid: 0c4378e0d7eac8a4fb48e92a51263a8d,
        type: 3}
      propertyPath: m_Name
      value: Molette_published (2)
      objectReference: {fileID: 0}
    - target: {fileID: 5070122933657362429, guid: 0c4378e0d7eac8a4fb48e92a51263a8d,
        type: 3}
      propertyPath: m_Materials.Array.data[0]
      value: 
      objectReference: {fileID: 2100000, guid: 2044375a74a22fc49ab35b8e7ce88002, type: 2}
    m_RemovedComponents: []
  m_SourcePrefab: {fileID: 100100000, guid: 0c4378e0d7eac8a4fb48e92a51263a8d, type: 3}
--- !u!1001 &2056092082
PrefabInstance:
  m_ObjectHideFlags: 0
  serializedVersion: 2
  m_Modification:
    m_TransformParent: {fileID: 0}
    m_Modifications:
    - target: {fileID: -4216859302048453862, guid: 55bf3ac2485c3f940ad51451979fc8a3,
        type: 3}
      propertyPath: m_LocalPosition.x
      value: -1.7499999
      objectReference: {fileID: 0}
    - target: {fileID: -4216859302048453862, guid: 55bf3ac2485c3f940ad51451979fc8a3,
        type: 3}
      propertyPath: m_LocalPosition.y
      value: 0.002278133
      objectReference: {fileID: 0}
    - target: {fileID: -4216859302048453862, guid: 55bf3ac2485c3f940ad51451979fc8a3,
        type: 3}
      propertyPath: m_LocalPosition.z
      value: 0
      objectReference: {fileID: 0}
    - target: {fileID: -4216859302048453862, guid: 55bf3ac2485c3f940ad51451979fc8a3,
        type: 3}
      propertyPath: m_LocalRotation.x
      value: 0
      objectReference: {fileID: 0}
    - target: {fileID: -4216859302048453862, guid: 55bf3ac2485c3f940ad51451979fc8a3,
        type: 3}
      propertyPath: m_LocalRotation.y
      value: -0
      objectReference: {fileID: 0}
    - target: {fileID: -4216859302048453862, guid: 55bf3ac2485c3f940ad51451979fc8a3,
        type: 3}
      propertyPath: m_LocalRotation.z
      value: -0
      objectReference: {fileID: 0}
    - target: {fileID: -4216859302048453862, guid: 55bf3ac2485c3f940ad51451979fc8a3,
        type: 3}
      propertyPath: m_LocalRotation.w
      value: 1
      objectReference: {fileID: 0}
    - target: {fileID: -4216859302048453862, guid: 55bf3ac2485c3f940ad51451979fc8a3,
        type: 3}
      propertyPath: m_RootOrder
      value: 22
      objectReference: {fileID: 0}
    - target: {fileID: -4216859302048453862, guid: 55bf3ac2485c3f940ad51451979fc8a3,
        type: 3}
      propertyPath: m_LocalEulerAnglesHint.x
      value: 0
      objectReference: {fileID: 0}
    - target: {fileID: -4216859302048453862, guid: 55bf3ac2485c3f940ad51451979fc8a3,
        type: 3}
      propertyPath: m_LocalEulerAnglesHint.y
      value: 0
      objectReference: {fileID: 0}
    - target: {fileID: -4216859302048453862, guid: 55bf3ac2485c3f940ad51451979fc8a3,
        type: 3}
      propertyPath: m_LocalEulerAnglesHint.z
      value: 0
      objectReference: {fileID: 0}
    - target: {fileID: -1504981713932161579, guid: 55bf3ac2485c3f940ad51451979fc8a3,
        type: 3}
      propertyPath: m_Materials.Array.data[0]
      value: 
      objectReference: {fileID: 2100000, guid: 611e7a78307d1c6449fd2afb9f22ca5f, type: 2}
    - target: {fileID: -927199367670048503, guid: 55bf3ac2485c3f940ad51451979fc8a3,
        type: 3}
      propertyPath: m_Name
      value: Scanner_published
      objectReference: {fileID: 0}
    m_RemovedComponents: []
  m_SourcePrefab: {fileID: 100100000, guid: 55bf3ac2485c3f940ad51451979fc8a3, type: 3}
