%YAML 1.1
%TAG !u! tag:unity3d.com,2011:
--- !u!1 &295161848
GameObject:
  m_ObjectHideFlags: 0
  m_CorrespondingSourceObject: {fileID: 0}
  m_PrefabInstance: {fileID: 0}
  m_PrefabAsset: {fileID: 0}
  serializedVersion: 6
  m_Component:
  - component: {fileID: 295161849}
  m_Layer: 0
  m_Name: Final (9)
  m_TagString: Untagged
  m_Icon: {fileID: 7148428337604731935, guid: 0000000000000000d000000000000000, type: 0}
  m_NavMeshLayer: 0
  m_StaticEditorFlags: 0
  m_IsActive: 1
--- !u!4 &295161849
Transform:
  m_ObjectHideFlags: 0
  m_CorrespondingSourceObject: {fileID: 0}
  m_PrefabInstance: {fileID: 0}
  m_PrefabAsset: {fileID: 0}
  m_GameObject: {fileID: 295161848}
  m_LocalRotation: {x: 0, y: 0, z: -0.7071068, w: 0.7071068}
  m_LocalPosition: {x: -0.792, y: 0.543, z: 0.375}
  m_LocalScale: {x: 1, y: 1, z: 1}
  m_Children: []
  m_Father: {fileID: 5629029463668219029}
  m_RootOrder: 8
  m_LocalEulerAnglesHint: {x: 0, y: 0, z: -90}
--- !u!1 &548066672
GameObject:
  m_ObjectHideFlags: 0
  m_CorrespondingSourceObject: {fileID: 0}
  m_PrefabInstance: {fileID: 0}
  m_PrefabAsset: {fileID: 0}
  serializedVersion: 6
  m_Component:
  - component: {fileID: 548066673}
  m_Layer: 0
  m_Name: Final (10)
  m_TagString: Untagged
  m_Icon: {fileID: 7148428337604731935, guid: 0000000000000000d000000000000000, type: 0}
  m_NavMeshLayer: 0
  m_StaticEditorFlags: 0
  m_IsActive: 1
--- !u!4 &548066673
Transform:
  m_ObjectHideFlags: 0
  m_CorrespondingSourceObject: {fileID: 0}
  m_PrefabInstance: {fileID: 0}
  m_PrefabAsset: {fileID: 0}
  m_GameObject: {fileID: 548066672}
  m_LocalRotation: {x: -0.7071068, y: 0.7071068, z: -0, w: 0}
  m_LocalPosition: {x: 0.792, y: 0.64, z: 0.455}
  m_LocalScale: {x: 1, y: 1, z: 1}
  m_Children: []
  m_Father: {fileID: 5629029463668219029}
  m_RootOrder: 9
  m_LocalEulerAnglesHint: {x: 0, y: 180, z: -90}
--- !u!1 &822593590
GameObject:
  m_ObjectHideFlags: 0
  m_CorrespondingSourceObject: {fileID: 0}
  m_PrefabInstance: {fileID: 0}
  m_PrefabAsset: {fileID: 0}
  serializedVersion: 6
  m_Component:
  - component: {fileID: 822593591}
  m_Layer: 0
  m_Name: Final (3)
  m_TagString: Untagged
  m_Icon: {fileID: 7148428337604731935, guid: 0000000000000000d000000000000000, type: 0}
  m_NavMeshLayer: 0
  m_StaticEditorFlags: 0
  m_IsActive: 1
--- !u!4 &822593591
Transform:
  m_ObjectHideFlags: 0
  m_CorrespondingSourceObject: {fileID: 0}
  m_PrefabInstance: {fileID: 0}
  m_PrefabAsset: {fileID: 0}
  m_GameObject: {fileID: 822593590}
  m_LocalRotation: {x: -0.46355116, y: 0.88607025, z: 0.00000008680158, w: -0.00000016591976}
  m_LocalPosition: {x: 0.84, y: 0.983, z: 0.708}
  m_LocalScale: {x: 1, y: 1, z: 1}
  m_Children: []
  m_Father: {fileID: 5629029463668219029}
  m_RootOrder: 2
  m_LocalEulerAnglesHint: {x: 0, y: 180.00002, z: -55.233}
--- !u!1 &1123575214
GameObject:
  m_ObjectHideFlags: 0
  m_CorrespondingSourceObject: {fileID: 0}
  m_PrefabInstance: {fileID: 0}
  m_PrefabAsset: {fileID: 0}
  serializedVersion: 6
  m_Component:
  - component: {fileID: 1123575215}
  m_Layer: 0
  m_Name: Final (11)
  m_TagString: Untagged
  m_Icon: {fileID: 7148428337604731935, guid: 0000000000000000d000000000000000, type: 0}
  m_NavMeshLayer: 0
  m_StaticEditorFlags: 0
  m_IsActive: 1
--- !u!4 &1123575215
Transform:
  m_ObjectHideFlags: 0
  m_CorrespondingSourceObject: {fileID: 0}
  m_PrefabInstance: {fileID: 0}
  m_PrefabAsset: {fileID: 0}
  m_GameObject: {fileID: 1123575214}
  m_LocalRotation: {x: -0.7071068, y: 0.7071068, z: -0, w: 0}
  m_LocalPosition: {x: 0.792, y: 0.64, z: -0.455}
  m_LocalScale: {x: 1, y: 1, z: 1}
  m_Children: []
  m_Father: {fileID: 5629029463668219029}
  m_RootOrder: 10
  m_LocalEulerAnglesHint: {x: 0, y: 180, z: -90}
--- !u!1 &1348131022
GameObject:
  m_ObjectHideFlags: 0
  m_CorrespondingSourceObject: {fileID: 0}
  m_PrefabInstance: {fileID: 0}
  m_PrefabAsset: {fileID: 0}
  serializedVersion: 6
  m_Component:
  - component: {fileID: 1348131023}
  m_Layer: 0
  m_Name: Final (2)
  m_TagString: Untagged
  m_Icon: {fileID: 7148428337604731935, guid: 0000000000000000d000000000000000, type: 0}
  m_NavMeshLayer: 0
  m_StaticEditorFlags: 0
  m_IsActive: 1
--- !u!4 &1348131023
Transform:
  m_ObjectHideFlags: 0
  m_CorrespondingSourceObject: {fileID: 0}
  m_PrefabInstance: {fileID: 0}
  m_PrefabAsset: {fileID: 0}
  m_GameObject: {fileID: 1348131022}
  m_LocalRotation: {x: -0.46355116, y: 0.88607025, z: 0.00000008680158, w: -0.00000016591976}
  m_LocalPosition: {x: 0.8567, y: 0.9294, z: 0}
  m_LocalScale: {x: 1, y: 1, z: 1}
  m_Children: []
  m_Father: {fileID: 5629029463668219029}
  m_RootOrder: 1
  m_LocalEulerAnglesHint: {x: 0, y: 180.00002, z: -55.233}
--- !u!1 &1681900602
GameObject:
  m_ObjectHideFlags: 0
  m_CorrespondingSourceObject: {fileID: 0}
  m_PrefabInstance: {fileID: 0}
  m_PrefabAsset: {fileID: 0}
  serializedVersion: 6
  m_Component:
  - component: {fileID: 1681900603}
  m_Layer: 0
  m_Name: Final (1)
  m_TagString: Untagged
  m_Icon: {fileID: 7148428337604731935, guid: 0000000000000000d000000000000000, type: 0}
  m_NavMeshLayer: 0
  m_StaticEditorFlags: 0
  m_IsActive: 1
--- !u!4 &1681900603
Transform:
  m_ObjectHideFlags: 0
  m_CorrespondingSourceObject: {fileID: 0}
  m_PrefabInstance: {fileID: 0}
  m_PrefabAsset: {fileID: 0}
  m_GameObject: {fileID: 1681900602}
  m_LocalRotation: {x: -0.46355116, y: 0.88607025, z: 0.00000008680158, w: -0.00000016591976}
  m_LocalPosition: {x: 0.84, y: 0.983, z: -0.708}
  m_LocalScale: {x: 1, y: 1, z: 1}
  m_Children: []
  m_Father: {fileID: 5629029463668219029}
  m_RootOrder: 0
  m_LocalEulerAnglesHint: {x: 0, y: 180.00002, z: -55.233}
--- !u!1 &1779187695
GameObject:
  m_ObjectHideFlags: 0
  m_CorrespondingSourceObject: {fileID: 0}
  m_PrefabInstance: {fileID: 0}
  m_PrefabAsset: {fileID: 0}
  serializedVersion: 6
  m_Component:
  - component: {fileID: 1779187696}
  m_Layer: 0
  m_Name: Final (4)
  m_TagString: Untagged
  m_Icon: {fileID: 7148428337604731935, guid: 0000000000000000d000000000000000, type: 0}
  m_NavMeshLayer: 0
  m_StaticEditorFlags: 0
  m_IsActive: 1
--- !u!4 &1779187696
Transform:
  m_ObjectHideFlags: 0
  m_CorrespondingSourceObject: {fileID: 0}
  m_PrefabInstance: {fileID: 0}
  m_PrefabAsset: {fileID: 0}
  m_GameObject: {fileID: 1779187695}
  m_LocalRotation: {x: -0.5, y: 0.5, z: 0.5, w: -0.5}
  m_LocalPosition: {x: -0.7100006, y: 1.5829997, z: -1.003201}
  m_LocalScale: {x: 1, y: 1, z: 1}
  m_Children: []
  m_Father: {fileID: 5629029463668219029}
  m_RootOrder: 3
  m_LocalEulerAnglesHint: {x: 0, y: 270, z: -90}
--- !u!1 &1787593214
GameObject:
  m_ObjectHideFlags: 0
  m_CorrespondingSourceObject: {fileID: 0}
  m_PrefabInstance: {fileID: 0}
  m_PrefabAsset: {fileID: 0}
  serializedVersion: 6
  m_Component:
  - component: {fileID: 1787593215}
  m_Layer: 0
  m_Name: Final (6)
  m_TagString: Untagged
  m_Icon: {fileID: 7148428337604731935, guid: 0000000000000000d000000000000000, type: 0}
  m_NavMeshLayer: 0
  m_StaticEditorFlags: 0
  m_IsActive: 1
--- !u!4 &1787593215
Transform:
  m_ObjectHideFlags: 0
  m_CorrespondingSourceObject: {fileID: 0}
  m_PrefabInstance: {fileID: 0}
  m_PrefabAsset: {fileID: 0}
  m_GameObject: {fileID: 1787593214}
  m_LocalRotation: {x: 0, y: 0, z: -0.46355116, w: 0.88607025}
  m_LocalPosition: {x: -0.84, y: 0.983, z: -0.708}
  m_LocalScale: {x: 1, y: 1, z: 1}
  m_Children: []
  m_Father: {fileID: 5629029463668219029}
  m_RootOrder: 5
  m_LocalEulerAnglesHint: {x: 0, y: 0, z: -55.233}
--- !u!1 &2058702875
GameObject:
  m_ObjectHideFlags: 0
  m_CorrespondingSourceObject: {fileID: 0}
  m_PrefabInstance: {fileID: 0}
  m_PrefabAsset: {fileID: 0}
  serializedVersion: 6
  m_Component:
  - component: {fileID: 2058702876}
  m_Layer: 0
  m_Name: Final (5)
  m_TagString: Untagged
  m_Icon: {fileID: 7148428337604731935, guid: 0000000000000000d000000000000000, type: 0}
  m_NavMeshLayer: 0
  m_StaticEditorFlags: 0
  m_IsActive: 1
--- !u!4 &2058702876
Transform:
  m_ObjectHideFlags: 0
  m_CorrespondingSourceObject: {fileID: 0}
  m_PrefabInstance: {fileID: 0}
  m_PrefabAsset: {fileID: 0}
  m_GameObject: {fileID: 2058702875}
  m_LocalRotation: {x: -0.5, y: 0.5, z: 0.5, w: -0.5}
  m_LocalPosition: {x: 0.7100006, y: 1.5829997, z: -1.003201}
  m_LocalScale: {x: 1, y: 1, z: 1}
  m_Children: []
  m_Father: {fileID: 5629029463668219029}
  m_RootOrder: 4
  m_LocalEulerAnglesHint: {x: 0, y: 270, z: -90}
--- !u!1 &2117598819
GameObject:
  m_ObjectHideFlags: 0
  m_CorrespondingSourceObject: {fileID: 0}
  m_PrefabInstance: {fileID: 0}
  m_PrefabAsset: {fileID: 0}
  serializedVersion: 6
  m_Component:
  - component: {fileID: 2117598820}
  m_Layer: 0
  m_Name: Final (8)
  m_TagString: Untagged
  m_Icon: {fileID: 7148428337604731935, guid: 0000000000000000d000000000000000, type: 0}
  m_NavMeshLayer: 0
  m_StaticEditorFlags: 0
  m_IsActive: 1
--- !u!4 &2117598820
Transform:
  m_ObjectHideFlags: 0
  m_CorrespondingSourceObject: {fileID: 0}
  m_PrefabInstance: {fileID: 0}
  m_PrefabAsset: {fileID: 0}
  m_GameObject: {fileID: 2117598819}
  m_LocalRotation: {x: 0, y: 0, z: -0.46355116, w: 0.88607025}
  m_LocalPosition: {x: -0.84, y: 0.983, z: 0}
  m_LocalScale: {x: 1, y: 1, z: 1}
  m_Children: []
  m_Father: {fileID: 5629029463668219029}
  m_RootOrder: 7
  m_LocalEulerAnglesHint: {x: 0, y: 0, z: -55.233}
--- !u!1 &2120259389
GameObject:
  m_ObjectHideFlags: 0
  m_CorrespondingSourceObject: {fileID: 0}
  m_PrefabInstance: {fileID: 0}
  m_PrefabAsset: {fileID: 0}
  serializedVersion: 6
  m_Component:
  - component: {fileID: 2120259390}
  m_Layer: 0
  m_Name: Final (7)
  m_TagString: Untagged
  m_Icon: {fileID: 7148428337604731935, guid: 0000000000000000d000000000000000, type: 0}
  m_NavMeshLayer: 0
  m_StaticEditorFlags: 0
  m_IsActive: 1
--- !u!4 &2120259390
Transform:
  m_ObjectHideFlags: 0
  m_CorrespondingSourceObject: {fileID: 0}
  m_PrefabInstance: {fileID: 0}
  m_PrefabAsset: {fileID: 0}
  m_GameObject: {fileID: 2120259389}
  m_LocalRotation: {x: 0, y: 0, z: -0.46355116, w: 0.88607025}
  m_LocalPosition: {x: -0.84, y: 0.983, z: 0.708}
  m_LocalScale: {x: 1, y: 1, z: 1}
  m_Children: []
  m_Father: {fileID: 5629029463668219029}
  m_RootOrder: 6
  m_LocalEulerAnglesHint: {x: 0, y: 0, z: -55.233}
--- !u!1 &5629029463668219028
GameObject:
  m_ObjectHideFlags: 0
  m_CorrespondingSourceObject: {fileID: 0}
  m_PrefabInstance: {fileID: 0}
  m_PrefabAsset: {fileID: 0}
  serializedVersion: 6
  m_Component:
  - component: {fileID: 5629029463668219029}
  - component: {fileID: 5629029463668219030}
  - component: {fileID: 6411622564113617139}
  - component: {fileID: 6607869389810588043}
  m_Layer: 0
  m_Name: Generator
  m_TagString: Untagged
  m_Icon: {fileID: 0}
  m_NavMeshLayer: 0
  m_StaticEditorFlags: 0
  m_IsActive: 1
--- !u!4 &5629029463668219029
Transform:
  m_ObjectHideFlags: 0
  m_CorrespondingSourceObject: {fileID: 0}
  m_PrefabInstance: {fileID: 0}
  m_PrefabAsset: {fileID: 0}
  m_GameObject: {fileID: 5629029463668219028}
  m_LocalRotation: {x: 0, y: 0, z: 0, w: 1}
  m_LocalPosition: {x: 0, y: 0, z: 0}
  m_LocalScale: {x: 1, y: 1, z: 1}
  m_Children:
  - {fileID: 1681900603}
  - {fileID: 1348131023}
  - {fileID: 822593591}
  - {fileID: 1779187696}
  - {fileID: 2058702876}
  - {fileID: 1787593215}
  - {fileID: 2120259390}
  - {fileID: 2117598820}
  - {fileID: 295161849}
  - {fileID: 548066673}
  - {fileID: 1123575215}
  m_Father: {fileID: 0}
  m_RootOrder: 0
  m_LocalEulerAnglesHint: {x: 0, y: 0, z: 0}
--- !u!114 &5629029463668219030
MonoBehaviour:
  m_ObjectHideFlags: 0
  m_CorrespondingSourceObject: {fileID: 0}
  m_PrefabInstance: {fileID: 0}
  m_PrefabAsset: {fileID: 0}
  m_GameObject: {fileID: 5629029463668219028}
  m_Enabled: 1
  m_EditorHideFlags: 0
  m_Script: {fileID: 11500000, guid: 59b00c62cf0b2fd4492764c84714eea7, type: 3}
  m_Name: 
  m_EditorClassIdentifier: 
  interactibles:
  - {fileID: 6288383433847398940, guid: e8e3e92f7fa374448b1c37aceae825f8, type: 3}
  - {fileID: 3211123391054661853, guid: dab88a6a0d5bb7849a54699c5d52241e, type: 3}
  - {fileID: 7299364877208362429, guid: 7e2be70b41761ba4ba960bdb5bfeb83a, type: 3}
  - {fileID: 2361489752487648892, guid: e6bf4355458eafd45b07b53a38a1ca13, type: 3}
  - {fileID: 2009797182032212384, guid: 2595518f27c60494e871414254b245f5, type: 3}
  battery: {fileID: 5741530663289401068, guid: 77cd8b4725dbd65449fc6b10f3a782bf, type: 3}
  colorsAndNames:
  - color: {r: 1, g: 0.92156863, b: 0.015686275, a: 1}
    colorName: Yellow
  - color: {r: 1, g: 0, b: 0, a: 1}
    colorName: Red
  - color: {r: 0, g: 1, b: 0, a: 1}
    colorName: Green
  - color: {r: 0, g: 0, b: 1, a: 1}
    colorName: Blue
  - color: {r: 1, g: 0, b: 1, a: 1}
    colorName: Magenta
--- !u!114 &6411622564113617139
MonoBehaviour:
  m_ObjectHideFlags: 0
  m_CorrespondingSourceObject: {fileID: 0}
  m_PrefabInstance: {fileID: 0}
  m_PrefabAsset: {fileID: 0}
  m_GameObject: {fileID: 5629029463668219028}
  m_Enabled: 1
  m_EditorHideFlags: 0
  m_Script: {fileID: 11500000, guid: 53279fe0e7b9fc9489da70e26e6d70ef, type: 3}
  m_Name: 
  m_EditorClassIdentifier: 
  alerts: []
  interactibles: []
  alertsWiki: []
  interactiblesWiki: []
  wpSound: {fileID: 8300000, guid: f5bdbd1d7e3c93f4f9d315497f10cc61, type: 3}
  failSound: {fileID: 8300000, guid: 2f59e774cbdefae4aa2621c4c3b74a7d, type: 3}
  newRoundSound: {fileID: 8300000, guid: b3b1224a478f2884bbaf0ebd032678b4, type: 3}
--- !u!82 &6607869389810588043
AudioSource:
  m_ObjectHideFlags: 0
  m_CorrespondingSourceObject: {fileID: 0}
  m_PrefabInstance: {fileID: 0}
  m_PrefabAsset: {fileID: 0}
  m_GameObject: {fileID: 5629029463668219028}
  m_Enabled: 1
  serializedVersion: 4
  OutputAudioMixerGroup: {fileID: 0}
  m_audioClip: {fileID: 0}
  m_PlayOnAwake: 1
  m_Volume: 0.25
  m_Pitch: 1
  Loop: 0
  Mute: 0
  Spatialize: 0
  SpatializePostEffects: 0
  Priority: 128
  DopplerLevel: 1
  MinDistance: 1
  MaxDistance: 500
  Pan2D: 0
  rolloffMode: 0
  BypassEffects: 0
  BypassListenerEffects: 0
  BypassReverbZones: 0
  rolloffCustomCurve:
    serializedVersion: 2
    m_Curve:
    - serializedVersion: 3
      time: 0
      value: 1
      inSlope: 0
      outSlope: 0
      tangentMode: 0
      weightedMode: 0
      inWeight: 0.33333334
      outWeight: 0.33333334
    - serializedVersion: 3
      time: 1
      value: 0
      inSlope: 0
      outSlope: 0
      tangentMode: 0
      weightedMode: 0
      inWeight: 0.33333334
      outWeight: 0.33333334
    m_PreInfinity: 2
    m_PostInfinity: 2
    m_RotationOrder: 4
  panLevelCustomCurve:
    serializedVersion: 2
    m_Curve:
    - serializedVersion: 3
      time: 0
      value: 0
      inSlope: 0
      outSlope: 0
      tangentMode: 0
      weightedMode: 0
      inWeight: 0.33333334
      outWeight: 0.33333334
    m_PreInfinity: 2
    m_PostInfinity: 2
    m_RotationOrder: 4
  spreadCustomCurve:
    serializedVersion: 2
    m_Curve:
    - serializedVersion: 3
      time: 0
      value: 0
      inSlope: 0
      outSlope: 0
      tangentMode: 0
      weightedMode: 0
      inWeight: 0.33333334
      outWeight: 0.33333334
    m_PreInfinity: 2
    m_PostInfinity: 2
    m_RotationOrder: 4
  reverbZoneMixCustomCurve:
    serializedVersion: 2
    m_Curve:
    - serializedVersion: 3
      time: 0
      value: 1
      inSlope: 0
      outSlope: 0
      tangentMode: 0
      weightedMode: 0
      inWeight: 0.33333334
      outWeight: 0.33333334
    m_PreInfinity: 2
    m_PostInfinity: 2
    m_RotationOrder: 4
